1748 3112
324 277 407 336 576
683 275 809 318 Lm.
840 276 975 318 xm.
1034 276 1173 320 Ωιι».
1207 276 1254 319 v.
1285 279 1363 321 vr.

325 394 382 436 do
405 390 638 436 transitiva
660 389 817 462 utitur,
843 400 895 432 ut
915 389 1121 462 Δεύτερον
1140 411 1194 435 αυ
1214 391 1391 458 θώρηκα
1410 397 1502 450 περὶ
1519 395 1719 450 σήθεσσιν

323 454 468 495 ἔδυνεν
488 447 551 493 οἷο
576 442 838 519 κασιγνῇτοιο
865 447 1101 501 Λυκάονος,
1133 448 1198 493 οἷο
1222 448 1335 491 dixit
1354 464 1435 506 pro
1457 453 1540 496 ἑοῦ.
1591 454 1716 496 Idem
1742 486 1748 489 .

317 506 564 555 Ὀδυσσείας
583 510 625 548 Γ.
667 505 762 561 Πάρ
790 523 834 548 τε
862 504 1088 578 κασιγνήτῳ
1123 506 1387 562 &paovmjdsc
1403 511 1473 552 και
1501 513 1643 566 πατέρι
1669 530 1717 570 ῳ,

320 579 401 623 pro
423 565 564 617 πατέρι
585 559 726 605 αὗτου.
785 562 907 603 ldem
934 560 1114 613 Ἰλιάδος
1150 569 1190 605 Υ.
1229 563 1308 607 Τὸν
1335 566 1403 607 καὶ
1432 558 1719 634 ἀνηρείψαντο

319 625 417 667 θεοὶ
440 623 513 663 Διῒ
530 618 780 691 οἰνοχοεύειν
797 618 967 670 κάλλεος
985 637 1121 664 εινεκα
1139 619 1252 673 οἷο,”
1233 618 1282 664 ιν’
1304 618 1549 667 ἀθανάτοισι
1569 628 1716 680 μετείη,

319 679 491 728 κάλλεος
513 675 578 720 οἷο
602 674 691 719 ἀντὶ
712 682 788 719 τοῦ
807 676 975 726 κάλλεος
996 675 1135 721 αὑτοῦ.
1196 681 1350 734 Itaque
1371 680 1490 742 apud
1511 694 1591 722 nos
1606 695 1718 746 quo·

322 751 419 800 que
433 735 567 775 modo
591 747 669 787 pro
701 751 766 785 ου,
797 735 931 774 modo
962 748 1043 788 pro
1067 736 1142 777 ἑοῦ
1162 744 1307 790 potest
1326 749 1397 776 sul
1427 735 1589 792 accipi.
1651 737 1718 780 Si·

319 791 492 834 militer
514 789 600 831 sibi
607 803 701 854 pro
724 787 774 833 ὧι
803 800 846 830 et
867 792 959 842 ἕωι,
992 804 1037 830 se
1056 804 1134 846 pro
1163 795 1186 834 ἓ
1206 802 1249 832 et
1268 793 1322 835 ἒε.
1382 795 1441 833 Et
1466 793 1716 843 sciendum.

321 849 459 906 quod,
491 845 700 903 quotiens
729 848 813 888 hoc
833 860 1082 902 pronomen
1105 846 1383 911 reciprocum
1409 859 1486 895 est,
1521 853 1718 901 ejusdem

319 919 535 969 personae
574 905 761 944 verbum
792 905 925 944 habet
961 902 1256 945 convenienti
1289 903 1412 946 casui
1441 906 1718 960 adjunctum,

319 974 373 1005 ut
390 976 460 1004 sui
492 958 727 1008 meminit,
760 958 847 1002 sibi
874 961 1032 1015 placet.
1090 963 1146 1001 Et
1167 959 1456 1013 manifestum
1477 974 1563 1012 est,
1597 966 1718 1029 quod

322 1016 555 1071 adjunctio
577 1016 700 1057 verbi
721 1016 815 1058 vim
849 1018 982 1058 habet
1003 1016 1276 1058 nominativi
1305 1031 1428 1060 casus
1459 1033 1560 1060 cum
1579 1020 1718 1063 actio-

320 1090 380 1117 ne
411 1073 569 1138 aliqua
629 1072 675 1116 Si
706 1073 841 1130 igitur
869 1072 1151 1128 pronominis
1179 1088 1375 1139 'quoque
1403 1077 1715 1128 hujuscemodi

318 1129 698 1196 significationem
730 1129 952 1179 habentis,
984 1132 1069 1172 hoc
1090 1141 1154 1172 est
1176 1129 1224 1171 in
1248 1146 1294 1172 se
1313 1131 1610 1182 recurrentis,
1628 1148 1717 1190 po—

270 1207 281 1236 1
315 1204 396 1231 nas
417 1185 753 1229 nominativum
777 1199 821 1229 et
841 1201 945 1229 cum
975 1201 1043 1228 eo.
1050 1201 1079 1227 v
1085 1189 1241 1229 erbum
1264 1190 1462 1253 ejusdem
1469 1204 1716 1254 personae,

318 1256 453 1287 erunt
476 1245 566 1286 duo
600 1243 887 1286 nominativi.
948 1247 1052 1286 Duo
1080 1254 1229 1286 autem
1257 1244 1528 1287 nominativi
1550 1262 1633 1303 per
1653 1261 1714 1298 se,

315 1301 397 1344 ubi
421 1313 464 1343 et
487 1300 604 1344 actio
624 1312 668 1342 et
687 1301 845 1367 passio
862 1300 1128 1348 ostenditur,
1161 1300 1379 1357 conjungi
1400 1317 1492 1344 non
1512 1315 1715 1368 possunt,

239 1366 294 1398 VI
318 1362 396 1401 sed
417 1357 626 1424 obliquus
647 1369 690 1400 et
719 1357 1040 1400 nominativus.
1103 1360 1198 1400 Nec
1222 1358 1403 1400 solum‘
1389 1374 1436 1400 m
1458 1358 1715 1416 reciprocis,

248 1424 293 1458 29
317 1417 399 1458 sed
426 1414 563 1457 etiam
593 1415 642 1457 in
673 1414 787 1465 illis,
804 1429 933 1481 quae
964 1414 1010 1479 in
1039 1414 1304 1457 transitione
1337 1417 1505 1457 habent
1532 1418 1716 1459 alteram

313 1486 566 1537 personam.
626 1474 728 1513 Non
751 1471 893 1528 igitur
914 1470 986 1512 sui
1008 1470 1316 1512 nominativus
1334 1482 1480 1527 potest
1498 1483 1715 1515 constare.

315 1527 432 1593 Quis
465 1526 568 1570 ideo
595 1543 620 1569 a
651 1527 925 1594 quibusdam.
949 1542 1202 1584 pronomen
1233 1542 1328 1569 esse
1357 1538 1579 1594 putatur,
1593 1530 1716 1585 quod

315 1584 565 1628 declinatur
600 1586 655 1626 ad
686 1584 1034 1626 similitudinem
1068 1585 1349 1649 quorundam
1371 1584 1712 1641 pronominum,

316 1641 443 1707 quis,
481 1646 632 1694 cujus,
672 1641 771 1690 cui,
814 1641 933 1684 sicut
961 1641 1058 1692 ille,
1096 1641 1236 1689 illins,
1275 1639 1369 1694 illi,
1411 1652 1455 1683 et
1485 1643 1607 1697 quod
1633 1656 1712 1696 pro
1745 1665 1748 1668 ⁴

317 1713 446 1742 omni
468 1698 656 1764 nomine
679 1698 838 1756 ignoto
858 1697 1005 1746 nobis,
1038 1708 1127 1739 tam
1151 1695 1335 1762 proprio
1359 1702 1496 1764 quam
1513 1700 1714 1755 appella-

315 1755 430 1807 tivo,
462 1755 571 1808 poni
593 1766 754 1812 potest,
787 1766 838 1798 ut
859 1754 960 1812 quis
990 1754 1135 1797 fecit?
1178 1753 1280 1810 quis
1301 1753 1449 1796 dixit⁹
1489 1757 1620 1797 Unde
1648 1769 1713 1797 re-

315 1815 588 1879 spondentes
621 1814 677 1855 ad
710 1810 1026 1864 hujuscemodi
1063 1811 1232 1853 interro
1266 1809 1464 1852 ationem
1493 1812 1567 1852 vel
1615 1826 1712 1865 pro·-

314 1869 417 1928 prio
439 1869 623 1918 utimur,
656 1871 727 1910 vel
750 1867 1034 1933 appellativo.
1097 1866 1208 1924 Quis
1232 1826 1374 1909 ficit?
1406 1866 1622 1932 Virgilius
1638 1870 1714 1910 vel

314 1938 463 1992 poeta.
506 1929 564 1968 Et
584 1928 706 1982 quod
727 1924 1021 1968 substantiam
1063 1924 1288 1989 significat
1315 1923 1411 1966 sine
1433 1923 1589 1979 aliqua
1595 1936 1713 1966 certa

349 1982 544 2030 ualitate,
577 1984 697 2039 quod
732 1993 797 2024 est
827 1997 958 2023 suum
982 1979 1278 2045 pronominis.
1337 1981 1403 2022 Ad
1424 1994 1536 2035 quae
1554 1979 1712 2023 dicen-

328 2054 450 2093 ιιιιι,
511 2040 634 2094 quod
672 2053 766 2080 non
807 2036 1062 2079 similitudo
1102 2035 1412 2079 declinationis
1444 2031 1712 2080 omnimodo

313 2088 552 2162 conjungit
569 2097 639 2136 vel
673 2093 886 2137 discernit
905 2104 1050 2149 partes
1081 2092 1296 2136 orationis
1320 2092 1437 2134 inter
1453 2107 1514 2141 se,
1546 2095 1622 2135 sed
1643 2092 1719 2135 vis.

313 2151 452 2217 ipsius
483 2150 840 2216 significationis.
902 2153 1018 2192 Nam
1041 2160 1084 2192 et
1103 2147 1389 2214 pronomina
1403 2150 1546 2192 multa
1569 2149 1712 2192 decli-

312 2208 545 2251 nationem
575 2207 818 2250 nominum
861 2218 1134 2263 sequuntur.
1181 2217 1233 2247 ut
1267 2204 1416 2248 omnia
1447 2205 1709 2265 derivativa,

314 2280 458 2318 meus,
498 2276 614 2312 tuus,
646 2279 767 2317 suus,
806 2275 974 2312 noster.
1002 2273 1164 2311 vester,
1197 2273 1382 2310 nostras,
1401 2273 1610 2306 vestras
1650 2267 1717 2306 Et
1744 2275 1748 2283 ⁴

313 2337 465 2364 rursus
503 2320 687 2364 nomina
723 2319 1070 2363 declinationem
1108 2333 1454 2384 pronominum,
1501 2329 1556 2362 ut.-
1589 2321 1743 2363 unusJ

311 2379 450 2420 unius
466 2377 572 2427 uni,
605 2379 725 2420 solus
751 2376 891 2419 solius
913 2376 1021 2426 soli,
1052 2387 1172 2418 totus
1195 2375 1332 2419 totius
1354 2375 1462 2423 toti,
1494 2376 1627 2420 ullus
1643 2376 1712 2419 ul-
1737 2424 1739 2427 ,

310 2428 401 2478 lius
419 2434 513 2484 ulli,
546 2435 697 2475 nullus
725 2432 894 2475 nullius
929 2431 1059 2480 nulli,
1092 2431 1206 2474 alius
1229 2432 1340 2474 alius
1360 2430 1452 2483 alii,
1481 2435 1607 2483 cujus
1627 2447 1711 2491 gn«,
1741 2430 1748 2440 ⁴

311 2490 500 2540 nitivus‚
535 2489 638 2548 quia
667 2506 746 2546 par
766 2488 942 2550 syllabis
963 2500 1028 2532 est
1047 2487 1299 2532 nominativ
1303 2503 1344 2538 ο,
1367 2488 1584 2546 producit
1593 2503 1714 2534 em·

357 2655 461 2690 Idem
478 2654 623 2690 Iliados
650 2657 687 2692 Y.
715 2665 786 2690 vss.
811 2666 876 2700 252
900 2673 945 2682 --
970 2664 1025 2701 35,
1667 2666 1687 2672 -

360 2761 412 2783 ωι
434 2767 479 2828 -t-
502 2746 582 2783 ἑωι
604 2766 649 2772 -
674 2746 717 2801 {s
742 2760 764 2782 e
794 2747 911 2782 Codd.
935 2747 1068 2783 Zwicc.
1090 2759 1122 2783 2.
1140 2747 1319 2786 Heidelb.
1339 2746 1495 2793 reposui
1519 2757 1589 2796 pro
1620 2746 1702 2781 vul-

404 2803 492 2841 gao
516 2791 621 2832 οἶ·-
643 2792 700 2840 ἱυῖ
726 2791 884 2833 -ἱᾶν-
