1748 3112
273 258 812 267 ..μ-ΜΜ-«ψυ-Δ-υῂ-
826 260 1253 270 ma—›-—-—-.—.—-—.r„-.
1266 265 1278 269 .-

415 745 805 802 LIBER
899 746 1501 805 DECIMUS.

226 1032 246 1065 1
271 995 376 1068 In'
362 1040 409 1068 io
431 1039 454 1065 a
475 1029 763 1069 antecedente
792 1042 936 1091 unum
969 1013 1211 1075 invenitur,
1233 1025 1330 1092 nain,
1363 1027 1517 1084 quod
1502 1044 1551 1071 in
1572 1029 1666 1085 pri-

228 1088 244 1111 ²
273 1099 345 1126 ma
376 1082 556 1138 quidem
584 1098 772 1151 persona
799 1082 814 1124 i
846 1085 945 1124 loco
979 1083 1267 1125 consonantis
1298 1086 1429 1126 habet
1458 1086 1663 1142 duplicis,

270 1154 385 1197 quae
412 1150 454 1180 et
478 1143 790 1205 gemmabatur
818 1155 840 1180 a
870 1138 1205 1188 vetustissimis,
1242 1139 1345 1182 aiio.
1406 1144 1457 1183 In
1474 1144 1668 1186 secunda

270 1209 378 1237 vero
404 1206 448 1236 et
471 1195 598 1238 tertia
633 1195 789 1238 transit
819 1195 866 1237 in
896 1197 1097 1238 vocalem
1129 1197 1396 1247 necessario,
1430 1197 1534 1263 qnia
1555 1214 1669 1241 con-

271 1266 434 1295 sonans
441 1252 690 1315 sequitur,
724 1251 787 1294 ais
819 1252 1108 1317 ait.1taque
1140 1268 1264 1317 pares
1294 1257 1428 1297 habet
1456 1253 1505 1296 in
1524 1256 1665 1298 tribus

270 1306 475 1365 personis
505 1310 714 1363 syllabas,
766 1324 869 1351 cum
902 1309 1052 1351 omnia
1084 1307 1133 1350 in
1158 1309 1202 1350 io
1227 1309 1478 1353 desinentia
1508 1312 1667 1354 tertiae

271 1366 344 1405 vel
377 1377 558 1420 quartae
589 1365 921 1422 conjugationis
944 1379 1042 1406 una
1072 1367 1233 1418 syllaba
1268 1365 1466 1409 minores
1501 1370 1668 1410 habent

270 1419 416 1484 prima
440 1436 626 1485 persona
647 1423 890 1463 secundam
912 1432 954 1462 et
983 1420 1175 1486 tertiam,
1198 1433 1248 1462 ut
1268 1422 1385 1464 facio
1410 1422 1518 1465 facis
1538 1424 1662 1474 facit,

271 1474 408 1518 audio
440 1476 566 1542 audis
593 1477 729 1519 audit.
790 1479 875 1519 Sed
905 1476 950 1518 iu
974 1479 1058 1518 hoc
1085 1477 1252 1533 primae
1277 1493 1488 1534 personae
1510 1482 1662 1536 penul-

271 1531 382 1574 tima
404 1531 629 1599 positione
648 1533 927 1597 producitur,
959 1536 1178 1575 secundae
1199 1550 1303 1576 vero
1324 1546 1374 1576 et
1390 1535 1546 1578 tertiae
1568 1551 1668 1580 cor—

270 1587 447 1654 ripitur,
482 1600 540 1637 et,
558 1591 675 1632 sicut
697 1589 961 1655 quibusdam
984 1588 1177 1639 videtur,
1201 1591 1355 1633 tertiae
1377 1602 1441 1633 est
1462 1597 1666 1658 conjuga-

271 1643 432 1693 tionis,
466 1660 553 1688 nec
581 1661 663 1711 per
691 1656 832 1688 totam
865 1645 912 1687 in
944 1660 1026 1687 usu
1057 1645 1285 1688 invenitur
1309 1648 1667 1694 declinationem.

271 1703 412 1754 cujus
434 1701 743 1767 praeteritum,
778 1717 880 1744 cum
912 1702 976 1744 ait
1007 1701 1055 1744 in
1094 1702 1221 1744 tertia
1244 1703 1500 1746 inveniatur
1517 1721 1668 1762 perso·

270 1773 344 1805 na,
379 1758 535 1800 debuit
555 1758 595 1799 ai
620 1757 814 1816 primam
833 1760 989 1808 facere,
1021 1774 1133 1824 quae
1155 1761 1203 1800 in
1225 1776 1310 1802 usu
1331 1776 1423 1804 non
1445 1772 1523 1806 est.
1582 1764 1666 1806 Po-

270 1823 360 1855 test
380 1825 528 1857 tamen
552 1814 614 1855 ait
640 1829 818 1880 quoque
836 1830 1069 1882 praesens
1087 1815 1278 1874 intelligi
1312 1832 1392 1883 pro
1413 1819 1668 1875 praeterito.

272 1871 358 1912 Sed
381 1886 484 1914 cum
507 1870 799 1928 imperativus
832 1873 880 1914 in
900 1887 916 1913 1
940 1871 1182 1915 terminans
1201 1874 1456 1929 reperiatur,
1490 1887 1670 1931 quartae

317 2033 403 2068 Lib.
423 2035 467 2068 X.
495 2035 529 2079 §.
558 2046 588 2068 1.
622 2034 760 2068 hahent
780 2034 988 2069 secundum
1010 2035 1127 2068 Codd.
1150 2035 1260 2070 Luth.
1280 2036 1454 2070 Heidelb.
1475 2037 1607 2073 Zwicc.
1634 2051 1665 2074 1.

364 2092 396 2115 2.
418 2079 555 2114 Dresd.
574 2080 653 2114 Erl.
679 2093 709 2114 ι.
734 2093 764 2114 2.
788 2081 886 2125 Lips.
914 2093 942 2114 1.
966 2093 999 2115 2.
1020 2081 1156 2126 scripsi
1175 2093 1242 2126 pro
1269 2082 1442 2116 habeant.
1489 2086 1667 2120 Naevius.

364 2126 405 2160 Si
432 2126 649 2171 sequentia,
677 2132 718 2160 ut
739 2127 909 2168 videtur,
936 2126 1134 2171 desumpta
1163 2134 1251 2161 sunt
1273 2139 1316 2161 ex
1341 2128 1469 2162 fabula
1493 2129 1667 2165 Atellano

370 2173 482 2218 Virgo
494 2183 733 2225 praegnans,
759 2179 842 2206 tum
862 2172 973 2206 Novii
1002 2180 1142 2206 nomo-n
1156 2174 1374 2218 ponendum
1389 2180 1493 2216 erat,
1519 2186 1591 2209 nec
1610 2182 1666 2210 ta-

362 2227 452 2252 men
472 2218 554 2252 sine
574 2217 800 2252 auctoritate
818 2218 936 2253 Codd.
960 2217 1165 2253 sollicitare
1183 2219 1372 2264 vulgatam
1391 2231 1501 2255 ausus
1521 2232 1614 2256 sum.

315 2263 514 2300 luvenalis
540 2266 574 2296 I.
601 2274 750 2308 v5.131.
810 2267 914 2298 Pers.
942 2265 1016 2297 Sat.
1041 2266 1069 2297 Ι.
1100 2276 1152 2297 vs.
1179 2277 1252 2309 ¹13·
1303 2265 1448 2300 Mirum
1474 2267 1662 2312 profecto,

365 2308 465 2354 quod
483 2308 654 2353 plurimi,
679 2309 889 2356 optimique
909 2309 1024 2344 etiam
1040 2309 1156 2344 Codd.
1177 2312 1314 2358 pingue
1331 2312 1542 2357 proferunt.
1591 2315 1664 2348 Pro

364 2356 487 2399 mejite
507 2354 634 2399 plures
654 2357 772 2389 meite.

314 2400 359 2434 in
378 2411 443 2433 usu
462 2406 529 2434 est
568 2400 600 2434 E
619 2400 728 2435 MSS.
751 2401 863 2435 Luth.
886 2401 1060 2436 Heidelh.
1085 2401 1217 2436 Zwicc.
1241 2415 1270 2437 2.
1293 2403 1374 2437 Erl.
1399 2415 1429 2438 1.
1453 2415 1484 2439 2.
1505 2404 1608 2451 Lips.
1629 2417 1662 2441 α.

318 2445 507 2527 ,35:35522,
514 2451 652 2525 egerin.
677 2493 708 2534 1,
732 2505 763 2526 2.
792 2504 842 2527 vs.
865 2504 921 2538 44.
972 2492 1066 2526 Edd.
1090 2494 1182 2527 Ven.
1209 2506 1238 2528 1.
1258 2507 1290 2529 2.
1317 2494 1399 2530 Ald.
1422 2495 1506 2530 Bas.
1531 2497 1663 2532 Colon.

362 2536 514 2572 Putsch.
537 2538 778 2582 perminxere.
802 2539 951 2574 Falsum
970 2539 1045 2573 hoc
1066 2550 1146 2573 esse
1165 2541 1225 2574 vel
1245 2540 1421 2594 prosodia
1442 2541 1543 2576 vocis
1562 2543 1668 2577 calo-

364 2595 430 2617 nes
443 2582 571 2617 docet.
622 2583 810 2636 Equidem
828 2595 850 2618 e
869 2586 976 2619 MSS.
1000 2584 1112 2619 Luth.
1138 2586 1312 2621 Heidelh.
1334 2587 1446 2621 unice
1465 2599 1594 2623 veram
1610 2589 1666 2623 le·

365 2628 530 2663 ctionem
539 2628 702 2663 restitui.
730 2631 787 2664 Ne
806 2631 892 2664 fieri
915 2631 1074 2684 quidem
1085 2632 1221 2676 potuit,
1237 2639 1279 2666 ut
1288 2633 1516 2678 Priscianus,
1531 2635 1665 2669 Gran-

363 2672 524 2709 matianis
553 2673 726 2718 scilicet,
746 2678 978 2721 per-minxere
1001 2676 1200 2712 scriberet.

315 2720 358 2755 in
376 2726 473 2756 ctum
492 2721 672 2757 nascitur.
720 2722 858 2767 Vulgo,
883 2723 1049 2757 nascitur
1082 2724 1122 2757 in
1141 2730 1248 2758 ctum.
