1748 3112
251 223 306 282 94
641 227 763 269 LIB.
794 228 857 268 11.
917 227 1057 271 CAP.
1091 226 1169 273 lx.
1199 229 1248 270 X.

384 284 398 306 N

186 349 223 383 X
248 349 312 382 est
333 352 488 382 eorum
518 339 715 394 exempla
734 353 997 397 proponere.
1057 339 1150 382 Alia
1178 350 1282 382 sunt
1301 340 1561 397 possessiva,
1590 353 1645 387 nt

178 396 222 430 52
248 394 539 441 Caesarianus
569 396 710 444 miles,
741 398 1007 454 Pompejana
1032 398 1207 446 domus,
1241 395 1642 444 Tullianumssman-

247 451 437 510 cipium.
495 451 590 494 Alia
623 463 667 494 et
693 451 882 510 patriam
917 453 1190 511 significant,
1223 465 1266 496 et
1291 455 1641 510 possessionem,

246 522 301 553 ut
318 512 545 552 Romanus
578 508 703 558 civis,
733 520 777 551 et
804 513 1034 553 Romanus
1067 526 1180 567 ager.
1240 513 1393 553 Potest
1422 522 1571 554 tamen
1599 512 1645 556 et

246 569 335 610 hoc
355 578 398 608 et
414 581 553 622 paene
573 580 728 608 omnes
746 567 1056 621 hujuscemodi
1077 568 1248 609 formae
1267 567 1520 618 nominum,
1535 583 1642 626 pro..

246 623 450 680 priorum
476 636 659 679 quoque
687 624 848 666 habere
876 623 1245 682 significationes.
1306 626 1562 681 Campanus
1581 626 1645 668 si-

244 680 426 727 militer,
459 690 503 720 et
523 678 761 735 Hispanus,
793 691 838 722 et
858 680 1191 729 Alexandrinus,
1218 692 1262 723 et
1273 681 1572 731 Placentinus,
1596 694 1645 726 et

246 738 459 784 Nolanus,
493 746 536 776 et
558 735 741 785 similia,
772 751 867 779 non
893 739 1038 782 solum
1058 737 1262 794 patriam,
1295 739 1372 779 sed
1391 737 1523 780 etiam
1546 753 1645 796 pos-

245 792 489 838 sessionem
521 792 796 848 significant.
855 796 967 837 Sunt
1003 805 1150 836 tamen
1187 796 1326 837 multa
1361 794 1646 851 supradictae

241 849 422 907 speciei,
456 863 568 906 quae
598 849 732 891 etiam
766 851 1006 908 agnomina
1032 850 1339 899 inveniuntur,
1371 862 1423 893 ut
1445 851 1644 894 Cameri-

246 922 357 955 nuS‚
391 904 724 955 Numantinus,
769 907 1050 950 Coriolanus.
1108 907 1205 949 Alia
1234 907 1415 964 propria
1444 911 1659 960 ‹ejusdem›
1695 960 1697 964 v

246 966 416 1007 formae
433 962 631 1014 nomina,
663 964 735 1004 vel
758 963 892 1006 etiam
914 963 1166 1020 agnomina,
1199 976 1249 1006 ut
1263 963 1495 1013 Adrianus,
1528 968 1647 1007 Mes·

245 1020 437 1068 salinus,
484 1019 712 1069 Silvanus,
762 1021 1061 1070 claudianus,
1108 1021 1365 1074 Corvinus,
1405 1021 1643 1071 Probinus,

245 1078 451 1129 Rufinus,
482 1076 774 1120 Aemilianus.
834 1077 931 1120 Alia
965 1077 1135 1126 alneis,
1168 1088 1218 1119 ut
1245 1078 1529 1127 Rusticanus,
1563 1081 1650 1120 Ur·-

244 1137 398 1181 banus,
431 1132 712 1189 Oppidanus,
743 1134 1043 1190 Capitolinus,
1069 1133 1311 1186 Palatinus,
1341 1134 1642 1200 Aesquilinus,

175 1198 219 1233 53
245 1191 524 1238 Gallicanus,
556 1189 755 1238 vicinus,
799 1203 1021 1234 externus.
1081 1191 1176 1233 Alia
1203 1207 1226 1232 a
1258 1192 1561 1247 temporibus,
1592 1201 1644 1232 ut

242 1247 507 1295 matutinus,
541 1261 563 1288 a
590 1249 778 1296 Matuta,
811 1263 923 1305 quae
952 1248 1175 1305 significat
1204 1250 1435 1295 Auroram,
1468 1249 1557 1296 vel,
1590 1257 1644 1289 ut

244 1304 447 1361 quidam,
471 1307 741 1353 Λευκοθέαν;
774 1307 1022 1354 hesternus,
1037 1304 1240 1357 diurnus,
1261 1314 1521 1352 nocturnus,
1541 1319 1642 1346 me-

243 1361 459 1408 ridianus,
490 1359 791 1416 vespertinus,
831 1362 1134 1407 antelucanus,
1179 1371 1432 1410 veteranus,
1466 1361 1639 1403 diutur-

174 1463 176 1465 ,
243 1433 341 1466 nus,
374 1428 604 1464 aeternus;
637 1416 709 1457 vel
729 1430 751 1456 a
782 1416 1073 1473 dignitatibus
1096 1416 1190 1459 sive
1213 1417 1387 1466 officiis,
1419 1428 1471 1460 ut
1491 1417 1643 1459 tribu-

242 1489 343 1521 nus,
376 1472 714 1530 antesignanus;
746 1475 814 1514 vel
838 1488 860 1514 a
886 1473 1136 1529 generibus,
1168 1485 1222 1515 ut
1242 1472 1528 1522 masculinus,
1548 1474 1639 1516 foe·

241 1529 456 1572 mininus.
515 1529 610 1571 Alia
632 1544 655 1570 a
677 1529 814 1571 mutis
848 1529 1133 1578 animalibus,
1164 1542 1216 1572 ut
1245 1529 1460 1579 taurinus,
1491 1528 1637 1587 porci·

241 1601 349 1633 nus),
382 1585 610 1634 cervinus,
642 1585 897 1638 anserinus;
929 1585 1015 1627 alia
1042 1602 1063 1628 a
1088 1587 1296 1635 materia,
1329 1601 1379 1628 ex
1406 1601 1493 1643 qua
1521 1601 1637 1628 con-

241 1654 374 1692 stant,
408 1654 460 1684 ut
491 1646 726 1690 humanus,
757 1653 982 1692 terrenus;
1023 1643 1109 1684 alia
1139 1658 1163 1684 a
1191 1645 1386 1691 fortuna,
1421 1654 1471 1685 ut
1498 1642 1638 1685 liber-

242 1700 382 1747 tinus,
415 1715 603 1757 egenus;
635 1698 720 1740 alia
751 1714 774 1739 a
796 1699 995 1741 numeris
1020 1714 1196 1756 semper
1218 1699 1421 1757 pluralia,
1451 1710 1503 1741 ut
1520 1699 1635 1748 bini,

240 1755 373 1804 terni,
407 1755 532 1805 deni;
565 1754 768 1811 quamvis
791 1755 968 1811 poetica
995 1755 1260 1798 auctoritate
1283 1755 1419 1798 etiam
1437 1756 1638 1812 singula-

241 1811 305 1853 ria
324 1811 634 1854 inveniuntur.
669 1858 671 1860 ,
693 1815 899 1853 Lucanus
919 1811 967 1853 in
987 1815 1095 1857 VIII.
1118 1814 1313 1867 Syrtibus
1334 1814 1436 1853 hino
1457 1814 1635 1867 Libycis
1697 1838 1702 1841 -

244 1878 340 1909 tuta
358 1879 423 1910 est
437 1871 681 1924 Aegyptus,
714 1877 763 1908 at
783 1869 903 1918 inde,
931 1872 1105 1924 gurgite
1132 1879 1295 1923 septeno
1321 1870 1502 1922 rapidus
1519 1884 1637 1924 mare

331 2042 366 2068 2.
400 2034 555 2080 Reliqui
581 2034 737 2068 variant..
787 2032 924 2068 Dresd.
956 2033 1030 2067 Sed
1046 2044 1151 2067 mane
1172 2033 1343 2068 damnum
1362 2034 1434 2068 iste
1451 2033 1544 2068 haec
1557 2045 1633 2080 po-

326 2079 451 2126 pulna
469 2092 548 2114 sors
568 2087 634 2113 aut
653 2079 847 2126 ambiegna
865 2086 920 2112 est
939 2086 1018 2113 tua.
1064 2080 1142 2113 Erl.
1167 2089 1196 2113 ι.
1219 2081 1293 2114 Sed
1310 2092 1416 2114 mane
1436 2080 1632 2124 dampnum

332 2126 451 2159 iste-ch
477 2126 547 2161 rel.
586 2127 687 2172 Lips.
713 2139 742 2160 1.
774 2124 1054 2159 correctionem
1083 2132 1280 2170 expertus:
1317 2127 1384 2160 sed
1409 2137 1516 2159 mane
1546 2127 1630 2168 dum

331 2183 406 2213 ηοη
425 2179 499 2207 stet
508 2185 522 2211 ,-
554 2172 691 2206 leviter
719 2177 896 2217 apparet,
924 2171 1016 2205 olim
1044 2171 1229 2216 scriptum
1248 2171 1365 2205 fuisse
1386 2173 1490 2205 istec.
1537 2171 1630 2205 Hei-

331 2216 431 2251 delb.
463 2219 536 2252 Sed
553 2230 655 2252 mone
677 2219 759 2252 dum
779 2230 863 2250 num
882 2218 997 2251 istaec
1016 2224 1083 2251 aut
1098 2217 1268 2262 populna
1286 2229 1366 2251 sors
1386 2224 1452 2251 aut
1469 2212 1630 2262 abiegna

331 2268 390 2295 est
417 2271 493 2297 tua.
541 2264 643 2309 Lips.
663 2265 697 2298 ὅ.
729 2265 802 2297 Sed
826 2274 933 2296 mane
962 2263 1158 2308 dampnum
1186 2264 1262 2295 ista
1290 2269 1327 2296 te
1349 2281 1396 2289 --
1418 2261 1554 2296 abieno
1572 2267 1630 2295 est

331 2313 410 2343 tua.
457 2309 553 2344 Edd.
574 2309 656 2343 Ald.
680 2308 812 2342 Colon.
833 2309 916 2341 Bas.
937 2319 1006 2353 pro
1026 2313 1144 2341 zstaec
1163 2308 1342 2342 exhibent
1360 2310 1448 2341 ista.

282 2367 317 2413 ἓ.
338 2368 394 2406 52.
421 2370 553 2402 Potest
581 2373 702 2399 tamen
722 2372 758 2399 et
778 2365 844 2399 hoc
864 2371 901 2397 et
922 2376 1045 2408 paene
1064 2375 1187 2398 omnes
1205 2365 1455 2408 hujuscemodi
1465 2362 1627 2409 sor-mae.

329 2413 450 2459 Vulgo
478 2420 517 2447 et
545 2413 649 2449 haec.
697 2411 758 2446 Sic
787 2416 826 2444 et
845 2409 938 2444 Edd.
962 2411 1054 2444 Ven.
1079 2416 1116 2443 et
1136 2411 1217 2444 MS.
1240 2410 1318 2444 Erl.
1344 2423 1373 2444 1.
1411 2410 1626 2455 Receptum

327 2466 522 2505 praestant
542 2458 643 2503 LiPS.
667 2470 697 2492 1.
720 2467 752 2491 2.
773 2458 806 2491 5.
828 2455 939 2490 Luth.
969 2455 1142 2490 Heidelb.
1174 2455 1308 2490 Zwicc.
1332 2469 1362 2490 ι.
1385 2466 1417 2490 2.
1438 2457 1521 2490 MS.
1542 2456 1621 2490 Erl.

327 2514 362 2540 2.
382 2512 420 2540 et
438 2505 507 2539 Ιιοι·
525 2516 667 2538 nomen.
698 2502 834 2538 Dresd.
857 2513 880 2535 e
900 2502 1137 2536 correctione
1157 2501 1314 2535 minime
1334 2502 1446 2536 dubia
1465 2509 1501 2535 et
1520 2503 1624 2536 haec.

327 2551 406 2586 Erl.
429 2564 460 2586 1.
481 2549 643 2596 explicat
662 2556 699 2583 et
716 2549 807 2582 haec
827 2558 939 2592 supra
957 2547 1146 2592 adscripta
1164 2559 1258 2581 voce
1269 2547 1410 2593 forma.
1458 2549 1543 2582 Hoc
1559 2559 1622 2581 ve-

326 2606 370 2632 ro
398 2597 586 2643 glossema
612 2595 721 2629 nihili
759 2605 864 2637 esse,
912 2593 1214 2628 luculentissime
1241 2594 1439 2639 sequentia
1466 2594 1623 2628 demon·

329 2649 473 2687 strant,
498 2643 539 2677 in
592 2642 723 2684 uibus,
756 2651 834 2674 non
852 2640 899 2673 de
918 2639 1050 2673 formis
1067 2639 1387 2684 possessivorum,
1414 2650 1510 2686 quae
1534 2650 1621 2685 pro-

328 2690 503 2734 priorum
526 2688 553 2722 h
601 2694 668 2723 ent
694 2686 1024 2732 significationem,
1048 2685 1115 2721 sed
1142 2686 1190 2721 de
1216 2685 1432 2723 nominibus
1450 2685 1622 2733 singulis,

329 2737 584 2782 cujuscunque
601 2734 677 2768 sint
704 2734 865 2774 formae,
886 2731 1022 2778 agitur.
