1748 3112
273 254 359 299 3²¹8
658 259 789 300 [ΑΒ.
822 261 925 303 vll.
984 260 1128 305 GAP.
1158 265 1313 307 xvn.

275 368 365 411 tius
395 367 443 411 in
472 369 687 414 Carmine
718 372 966 418 saeculari:
993 377 1186 430 Quaeque
1215 394 1284 418 1¹08
1307 378 1429 419 bobun
1448 389 1667 425 veneratu&-

275 428 396 468 albis.
455 429 575 469 Idem
607 427 656 469 in
677 431 750 471 111.
775 428 1062 474 Carminum:
1097 435 1174 473 Sol
1197 435 1269 474 ubi
1290 440 1492 478 montium
1525 448 1669 479 muta-³

222 519 224 524 .
274 494 338 524 ret
358 486 526 526 umbras
545 495 586 525 et
596 490 713 542 Juga
745 488 919 529 demeret
936 490 1059 529 bobas
1071 491 1311 546 J'atigatis,
1350 498 1534 535 amicum
1562 505 1666 536 tem-

270 556 354 595 pus
373 557 499 597 agens
519 543 692 583 abeunte
708 558 848 585 curru.

204 605 249 646 85
388 598 676 640 Accusativus
727 601 912 656 pluralis
946 602 1102 644 tertiae
1149 602 1467 648 declinationis
1505 605 1668 650 simili·

273 664 340 696 est
357 654 542 710 proprio
566 655 864 706 nominativo,
885 657 1003 701 sicut
1024 671 1068 701 et
1085 659 1335 703 vocativus.
1371 665 1422 703 In
1442 661 1532 705 illis
1542 678 1666 713 vero,

272 726 384 768 quae
404 711 658 769 genitivum
678 715 873 766 ejusdem
897 715 1070 758 numeri
1092 715 1141 757 in
1166 732 1241 758 um
1265 718 1443 768 finiunt,
1475 720 1668 776 plerum·

271 782 357 824 que
388 783 466 824 per
491 784 536 811 es
564 772 742 828 longam
774 772 1021 827 profertur,
1060 772 1109 814 hi
1140 775 1330 816 latrones
1364 779 1447 817 hos
1473 777 1666 819 latrone·

270 837 299 866 o
319 825 539 875 latrones,
570 825 615 868 hi
647 829 852 869 consules
883 831 964 869 hos
996 831 1201 883 consules
1223 845 1249 872 o
1270 834 1500 884 consules,
1526 831 1576 874 hi
1598 843 1669 875 tu·

268 879 446 924 bicines
475 884 554 926 hos
578 882 803 925 tubicines
843 899 869 926 o
891 885 1139 935 tubicines,
1172 889 1253 928 hae
1280 899 1440 931 matres
1469 891 1547 930 has
1575 895 1666 931 ma-

268 948 358 983 tres
379 955 405 983 o
423 951 598 989 matres,
631 939 736 981 hiet
755 943 836 984 hae
853 943 1103 983 sacerdotes
1122 945 1203 984 hos
1218 954 1261 985 et
1279 946 1355 986 has
1376 947 1623 987 sacerdotes
1637 960 1665 988 ο

269 998 534 1040 sacerdotes.
560 995 862 1039 Inveniuntur
872 1009 1019 1040 tamen
1032 1001 1246 1055 quaedam
1264 1000 1399 1043 etiam
1413 1000 1463 1042 in
1473 1000 1665 1045 is'solam

267 1055 534 1113 productam
555 1052 840 1096 terminantia
863 1057 985 1096 hunc
1007 1070 1156 1097 casum
1176 1059 1339 1099 Graeca
1353 1088 1364 1106 ,
1379 1085 1381 1087 ·
1397 1071 1510 1113 quae
1529 1057 1667 1102 etiam

266 1109 554 1153 nominativo
579 1107 789 1152 similiter
810 1112 858 1152 iu
881 1111 916 1152 is
935 1111 1169 1161 desinunt,
1202 1116 1285 1156 hae
1306 1113 1456 1157 sardis
1476 1116 1552 1156 has
1572 1118 1667 1158 Sar-

262 1166 351 1209 dis.
409 1171 523 1208 Item
549 1166 697 1222 Alpis,
741 1166 906 1220 Syrtis,
947 1168 1133 1217 Trallis,
1181 1184 1294 1225 quae
1328 1171 1447 1227 apud
1472 1172 1664 1215 Graecos

226 1250 234 1254 -
265 1223 317 1267 in
341 1221 610 1280 supradictis
641 1223 814 1265 casibus
832 1243 889 1275 εις
910 1225 1243 1282 diphthongum
1274 1228 1442 1269 habent
1471 1227 1664 1274 finalem.

266 1279 483 1323 Horatius
515 1278 563 1321 in
595 1279 629 1324 I.
655 1279 990 1335 Epistolarumz·
1018 1284 1195 1336 Smyrna
1227 1285 1335 1338 qnid
1361 1294 1401 1324 et
1424 1284 1664 1338 Colophon?

269 1339 386 1390 Quid
406 1338 543 1376 Croesi
575 1341 695 1391 regia
727 1339 914 1378 Sardis?
953 1337 1167 1395 Virgilius
1197 1339 1244 1382 in
1263 1343 1312 1381 X.
1344 1342 1397 1380 In
1426 1346 1578 1394 Syrtis,
1614 1348 1662 1385 in

264 1410 374 1435 saxa
401 1396 539 1434 volens
563 1409 633 1434 vos
666 1397 829 1433 Teu-mm
857 1396 998 1435 adoro.
1059 1397 1265 1450 Quorum
1296 1407 1445 1438 autem
1483 1395 1532 1439 in
1561 1399 1661 1443 ium

265 1448 610 1492 terminantium
636 1448 893 1506 genitivum
923 1450 1202 1508 frequentius
1237 1451 1283 1493 in
1304 1451 1364 1503 is,
1408 1464 1450 1494 et
1468 1467 1661 1509 quorum

264 1506 406 1548 rarius
436 1517 559 1547 exeat
590 1505 639 1548 in
670 1521 714 1548 es
745 1506 1044 1557 accusativus,
1077 1518 1128 1548 ut
1153 1519 1326 1564 potero,
1360 1511 1555 1553 breviter
1573 1515 1661 1556 col-

263 1562 412 1620 ligam.
647 1581 665 1588 ν

194 1633 242 1672 84
380 1618 614 1667 Omnium.
639 1634 749 1676 quae
777 1632 864 1662 tam
886 1620 1222 1663 nominativum
1250 1636 1382 1678 quam
1405 1622 1658 1679 genitivum

263 1676 460 1718 similem
502 1679 690 1723 habent,
735 1692 891 1720 eorum
927 1678 1204 1720 accusativus
1244 1692 1340 1720 raro
1373 1678 1422 1720 in
1459 1695 1531 1731 es,
1575 1683 1657 1726 fre.

260 1744 452 1790 quenter
471 1732 520 1776 in
541 1731 579 1775 is
602 1734 715 1776 solet
741 1733 984 1785 terminari,
1016 1745 1068 1777 ut
1089 1734 1164 1775 hic
1185 1745 1228 1775 et
1246 1737 1356 1777 haec
1377 1736 1540 1786 omnim
1572 1741 1655 1783 hu-

262 1794 333 1846 jus
359 1790 528 1837 omnis,
561 1791 641 1830 hos
671 1802 713 1832 et
732 1794 805 1832 has
828 1792 988 1834 omnis.
1048 1790 1266 1833 Salustius
1289 1790 1337 1832 in
1364 1792 1656 1841 Catilinario=

268 1847 415 1888 Omnis
443 1849 641 1893 homines,
674 1853 748 1901 qai
776 1865 857 1888 sese
885 1850 1065 1888 student.
1126 1847 1365 1890 Terentius
1394 1847 1443 1890 in
1472 1851 1658 1896 Andria:

267 1904 413 1946 Omnis
431 1919 504 1944 nos
518 1904 714 1957 gaudere.
773 1904 982 1960 Virgilius
1005 1903 1053 1944 in
1076 1907 1150 1945 ΙΙΙ.
1173 1903 1448 1960 Georgicon:
1479 1909 1537 1947 Et
1550 1913 1655 1961 pin-

260 1963 359 2014 guis
378 1964 561 2015 unguine
580 1975 707 2002 ceras.
766 1961 892 2004 Idem
911 1960 960 2002 in
978 1963 1069 2004 1111.
1092 1960 1365 2016 Georgicon:
1395 1962 1545 2017 Aquas
1556 1966 1655 2007 dul-

353 2123 537 2165 Horatius
555 2131 596 2164 in
622 2130 738 2165 Carm.
759 2133 862 2165 Saec.
887 2142 940 2165 vs.
959 2142 1016 2176 49.
1037 2139 1094 2175 50.
1146 2131 1316 2176 Quaeque
1334 2139 1404 2174 pro
1422 2130 1555 2176 quique
1575 2131 1655 2173 edi-

327 2190 330 2193 ·
354 2173 394 2208 di
412 2186 433 2210 e
450 2176 559 2211 MSS.
579 2176 680 2223 Lips.
703 2189 732 2211 2.
759 2177 837 2211 Erl.
861 2189 889 2212 1.
912 2189 944 2212 2.
987 2175 1143 2221 ‘Reliqui
1174 2186 1242 2220 per
1270 2175 1537 2220 compendium
1562 2179 1654 2213 scri-

353 2227 489 2265 pturae
517 2223 682 2257 efferunt
710 2223 807 2258 hanc
833 2235 967 2258 vocem
993 2222 1070 2265 ita,
1106 2228 1149 2255 ut
1177 2221 1309 2255 dubius
1339 2221 1412 2263 sis,
1446 2223 1578 2272 quique
1605 2236 1654 2259 an

352 2278 516 2312 quaeque
541 2268 619 2312 legi
648 2269 777 2303 velint.
836 2270 1043 2314 Receptam
1070 2267 1277 2302 lectionem
1301 2271 1460 2300 tuentur
1481 2267 1653 2305 Venetae

352 2311 467 2346 etiam
492 2313 701 2356 editiones,
729 2321 768 2348 et
786 2320 865 2349 tres
892 2315 1135 2348 membranae
1154 2311 1334 2364 Riphardi
1355 2312 1542 2356 Bentleii,
1569 2316 1652 2360 qui--

349 2357 419 2391 bus
438 2358 493 2391 vir
510 2359 577 2394 ille
597 2371 763 2394 summus
780 2359 826 2393 ad
854 2360 1050 2393 laudatum
1066 2360 1214 2392 Horatii
1237 2358 1362 2391 locum
1380 2369 1490 2391 usum
1508 2370 1549 2393 se
1569 2372 1652 2396 esse

291 2421 295 2422 ⁷
349 2409 522 2438 testatur.
572 2407 676 2440 Idem
693 2406 732 2438 in
747 2405 829 2440 ΙΙΙ.
856 2406 979 2440 Garm.-
994 2406 1058 2446 VI,
1079 2415 1135 2447 41.
1157 2415 1212 2447 42.
1235 2409 1404 2436 mutaret.
1434 2403 1511 2438 Erl.
1525 2418 1556 2440 2.
1578 2419 1651 2441 no-

351 2456 462 2484 taret.
509 2451 584 2484 Pro
605 2464 712 2485 curru
732 2452 821 2485 libri
838 2451 944 2493 editi,
969 2450 1167 2484 Putsclu'us
1197 2459 1360 2502 quoque,
1386 2446 1566 2486 exhibent
1583 2464 1653 2486 no-

351 2503 418 2530 cte.
466 2496 548 2541 Ego
569 2507 590 2530 e
609 2497 716 2531 MSS.
741 2497 874 2532 Zwicc.
897 2509 927 2530 2.
949 2496 1050 2541 Lips.
1074 2508 1104 2530 2.
1124 2500 1274 2528 restitui
1303 2505 1424 2529 curru.

307 2552 342 2597 §.
363 2557 419 2598 83.
446 2554 536 2587 Post
553 2554 618 2588 hos
639 2553 802 2589 latrones
825 2565 846 2586 e
865 2553 972 2586 MSS.
991 2552 1103 2586 Lnth.
1125 2551 1257 2585 Zwicc.
1283 2562 1311 2583 1.
1335 2562 1366 2584 2.
1388 2548 1526 2587 Dresd.
1543 2553 1646 2600 Lips.

358 2611 387 2633 1.
411 2611 442 2634 2,
464 2599 543 2634 Erl.
570 2611 600 2633 1.
623 2612 654 2634 2.
675 2599 770 2634 Edd.
793 2601 887 2633 Ven.
914 2610 940 2632 1.
963 2610 994 2632 2.
1016 2598 1137 2641 adjeci
1158 2610 1178 2630 ο
1199 2597 1375 2630 latrones.

306 2657 486 2691 Horatius
507 2658 547 2691 in
573 2657 602 2690 1.
625 2658 747 2701 Epist.
776 2669 829 2691 11.
859 2667 910 2690 νε.
935 2666 966 2697 5.
1023 2655 1057 2689 V
1060 2656 1128 2700 irg.
1150 2655 1190 2687 in
1210 2657 1260 2688 Χ.
1289 2664 1342 2687 vs.
1363 2652 1440 2700 677.
1470 2661 1579 2689 exeat
1608 2657 1648 2690 iu

351 2715 404 2737 es,
427 2703 551 2748 Vulgo
569 2703 608 2735 in
628 2713 666 2735 cs
684 2702 841 2747 ponitur
859 2707 946 2746 post
966 2702 1211 2739 accusativus.

307 2759 343 2803 §-
365 2763 422 2803 84.
449 2752 638 2795 Saluszi‘us
665 2760 705 2795 in
729 2763 808 2795 Cat.
834 2771 862 2793 1.
920 2759 1110 2793 Terentius
1128 2759 1168 2791 in
1185 2756 1342 2794 Andria.
1366 2755 1451 2790 Act.
1469 2755 1511 2789 V.
1533 2756 1593 2792 sc.
1613 2769 1647 2802 4.

1730 112 1732 114 ’
1736 57 1748 87 ,τι
