1748 3112
307 301 326 325 Γ

303 300 387 344 064
694 298 823 341 LIB.
851 298 990 341 XIII.
1053 298 1197 342 cAP.
1227 300 1318 342 111.

305 417 541 472 syllabam,
571 416 784 466 hujusce,
817 413 1047 471 quomodo
1072 425 1116 456 et
1135 413 1384 480 pluralibus
1411 418 1503 468 ejun'
1524 413 1573 458 in
1594 429 1705 458 ean-

307 477 411 516 dem
429 470 768 514 terminantibus
799 481 1134 520 consonantem,
1166 483 1218 513 ut
1239 470 1363 514 hisce
1395 473 1530 515 hosce
1553 471 1700 522 hasce,

306 529 512 588 quamvis
541 526 724 583 reliquis
750 542 928 593 quoque
961 527 1134 570 casibus
1166 527 1460 571 vetustissimi
1483 531 1703 571 addebant

304 589 491 630 eandem
511 599 561 627 ce
578 586 803 638 syllabam,
835 583 965 627 hicce
994 587 1168 628 huncce
1190 588 1344 627 hocce.
1405 587 1535 628 Unde
1555 585 1698 628 vocali

285 657 486 700 ,quoque
506 651 718 698 sequente
738 657 762 684 e
789 642 934 683 ablata
961 656 1041 698 per
1069 643 1387 707 synaloepham
1415 642 1700 684 manentibus

305 702 477 742 duabus
500 714 524 740 e
546 699 746 741 solebant
774 699 1020 754 producere
1040 700 1139 749 hoc,
1170 709 1221 740 ut
1240 698 1486 755 Virgilius
1473 714 1523 740 ιιι
1541 713 1699 741 secun-

306 759 364 799 do
384 755 621 798 Aeneidos·
653 758 784 797 Hoce’
817 765 909 795 erat
933 758 1050 795 alma
1073 771 1259 809 parens,
1290 757 1406 810 quod
1427 772 1489 796 me
1502 772 1579 810 per
1594 759 1696 806 tela,

300 829 376 868 per
404 818 522 868 ignes
544 815 681 866 eripis
740 813 826 855 Sed
847 811 1114 867 scriptorum
1143 811 1413 877 negligentia
1438 812 1703 878 praetermi-

303 871 363 912 sit
382 884 526 911 unum
546 883 585 910 c.
645 872 704 911 Et
722 867 971 916 sciendum,
997 869 1117 933 quod
1131 867 1377 911 accusativi
1400 883 1526 911 casus
1549 868 1702 926 singu-

302 928 415 969 lares
444 937 488 967 et
522 924 712 982 genitivi
732 926 924 981 plurales
945 939 989 966 m
1013 924 1062 966 in
1081 939 1111 966 n
1129 935 1397 967 convertunt
1421 940 1446 967 c
1470 937 1698 990 sequente,

242 1005 246 1008 ⁴
308 995 360 1025 ut
390 985 512 1025 hunc
542 985 657 1023 hanc
686 985 884 1024 horunce
913 984 1123 1024 harunce.
1183 980 1423 1026 Genitivus
1450 992 1497 1023 et
1524 981 1701 1024 dativus

303 1038 585 1105 supradictae
616 1036 928 1081 declinationis
956 1037 1005 1079 in
1035 1037 1105 1080 ius
1134 1037 1476 1081 terminantium
1501 1052 1699 1081 commu·

302 1096 373 1139 nis
394 1107 459 1137 est
476 1095 614 1137 trium
616 1109 864 1162 generum,
896 1094 971 1136 ille
992 1094 1112 1137 illius
1131 1095 1214 1145 illi,
1247 1107 1291 1137 et
1312 1096 1571 1162 producitur
1588 1110 1702 1161 pen-

304 1151 496 1195 ultima
483 1167 500 1193 1
524 1151 731 1210 genitivi,
765 1166 898 1208 quam
926 1162 1075 1194 tamen
1107 1163 1266 1209 poetae
1287 1152 1420 1194 etiam
1445 1151 1700 1207 corripiunt

305 1212 471 1274 absque
489 1223 583 1260 uno
606 1208 813 1250 alterius·
849 1209 968 1274 quod
998 1208 1103 1265 quia
1123 1212 1271 1251 solum
1292 1209 1459 1250 duabus
1481 1209 1595 1250 vicit
1614 1210 1698 1261 syl-

302 1265 414 1308 labis
435 1264 678 1331 propri-'um
692 1264 1049 1314 nominativum,
1080 1265 1301 1322 corripuit
1320 1280 1493 1331 semper
1508 1263 1700 1322 penulti-

302 1337 438 1364 mam.
499 1321 684 1387 Reliqui
700 1337 729 1362 v
733 1336 808 1364 ero
829 1336 953 1363 casus
977 1325 1222 1364 secundum
1240 1321 1480 1364 mobilium
1498 1323 1700 1386 regulam

303 1377 547 1421 nominum
571 1377 869 1427 declinantur,
900 1379 1031 1420 iilum
1055 1379 1179 1421 illam
1202 1379 1331 1427 illud,
1359 1381 1415 1421 ab
1435 1378 1513 1420 illo
1547 1381 1600 1421 ab
1623 1377 1699 1420 illa

304 1437 358 1476 ab
381 1435 483 1476 illo:
514 1434 725 1478 similiter
750 1436 953 1499 plurales,
983 1435 1050 1476 illi
1071 1436 1171 1476 illae
1195 1436 1284 1485 illa,
1316 1434 1497 1478 illorum
1518 1434 1698 1477 illarum

303 1492 501 1544 illorum,
541 1490 645 1542 illis,
685 1490 783 1532 illos
813 1489 911 1532 illas
935 1490 1025 1539 illa,
1059 1494 1112 1533 ab
1135 1491 1237 1533 illis.
1291 1490 1365 1534 Sic
1387 1503 1555 1533 caetera
1581 1495 1696 1557 ejus·

302 1551 404 1590 dem
426 1548 610 1597 formae,
641 1559 732 1589 tam
765 1547 1061 1612 pronomina
1054 1563 1197 1604 quarn
1219 1547 1417 1592 nomina.
1475 1552 1534 1590 Et
1552 1548 1697 1589 scien·
1746 1593 1748 1595 ,

304 1606 436 1654 dum,
465 1605 590 1670 quod
615 1603 664 1645 in
695 1619 719 1645 e
748 1603 934 1659 quidem
967 1605 1256 1647 terminantia
1277 1604 1524 1647 masculina
1550 1614 1699 1646 muta-

300 1661 426 1702 tione
447 1677 472 1703 e
503 1660 552 1702 in
577 1675 599 1701 a
631 1659 804 1702 faciunt
830 1660 1095 1709 foeminina,
1128 1662 1202 1703 ille
1234 1662 1323 1710 illa,
1356 1661 1452 1718 ipse
1472 1661 1581 1727 ipsa,
1612 1660 1697 1711 iste
1741 1671 1748 1676 '

298 1717 405 1759 ista:
438 1717 476 1759 is
498 1731 604 1759 vero
631 1732 680 1759 ea
706 1716 835 1765 facit,
869 1719 992 1773 quod
1024 1707 1169 1760 solum
1199 1719 1370 1761 literam
1400 1717 1696 1784 principalem
1734 1759 1740 1767 ,

301 1773 497 1816 mutavit
520 1774 561 1816 in
583 1772 855 1823 foeminin03
879 1775 1177 1839 masculinum
1198 1775 1322 1817 enim
1342 1778 1395 1817 ab
1418 1774 1452 1824 i,
1483 1773 1696 1817 foemini-
1744 1783 1748 1823 -ζ

299 1846 412 1872 num
438 1834 491 1873 ab
511 1846 534 1872 e
545 1829 731 1895 incipit.
790 1829 880 1872 Hic
901 1829 1021 1872 enim
1043 1843 1086 1873 et
1102 1834 1210 1874 haec
1232 1834 1285 1873 ab
1308 1834 1462 1874 eadem
1483 1831 1695 1874 videntur
1746 1863 1748 1866 .

296 1887 428 1929 litera
464 1886 688 1943 incipere,
736 1901 839 1929 cum
879 1885 1088 1943 aspiratio
1123 1888 1172 1929 in
1205 1887 1432 1959 principio
1464 1887 1694 1960 utriusque
1745 1895 1748 1897 ’

299 1942 559 1996 ascribitur,
590 1946 818 2008 quomodo
842 1955 885 1985 et
908 1946 1027 1999 apud
1053 1947 1240 1986 Graecos
1263 1939 1384 1996 οὗτος
1404 1956 1447 1987 et
1466 1963 1590 1999 αντη,
1620 1945 1691 1986 vel

300 1999 328 2044 ὁ
346 2010 389 2041 et
407 2019 448 2054 η,
472 1998 678 2064 quamvis
709 1999 907 2041 diversas
937 2001 1126 2042 habeant
1145 2002 1336 2054 vocales,
1364 2004 1418 2043 ab
1443 2000 1638 2065 eodem
1623 2015 1696 2043 ιιι-

295 2055 481 2120 cipiunt
511 2054 688 2112 spiritu.
746 2059 917 2098 Eorum
947 2066 1158 2098 neutrum
1184 2058 1296 2104 hoc,
1327 2057 1430 2114 quia
1454 2067 1496 2099 et
1516 2056 1693 2113 princi·
1744 2090 1748 2098 f

298 2111 428 2176 pium
449 2124 494 2154 et
517 2114 653 2155 finem
672 2111 865 2154 servavit
887 2111 1139 2161 masculini,
1157 2113 1351 2155 mediam
1368 2115 1570 2156 vocalem
1595 2129 1691 2156 mu·
1729 2111 1748 2177 ἐ

300 2167 430 2211 tavit.
492 2170 610 2211 Illud
638 2167 776 2211 etiam
795 2170 1130 2218 attendendum,
1163 2172 1297 2236 quod,
1330 2185 1434 2213 cum
1465 2169 1540 2211 ille
1560 2170 1687 2220 illud,
1734 2178 1748 2229 ἐ.

295 2224 384 2267 iste
411 2224 557 2275 istud,
597 2223 634 2266 is
662 2224 710 2267 id
741 2224 913 2267 faciunt
947 2236 1125 2274 neutra,
1167 2226 1261 2282 ipse
1287 2229 1454 2275 solum,
1495 2227 1616 2283 quod
1642 2237 1690 2270 et
1736 2230 1748 2269 Ξ

297 2280 421 2338 ipsus
452 2281 685 2324 invenitur
714 2296 738 2324 a
768 2280 1084 2325 vetustissimis
1114 2284 1335 2341 prolatum
1345 2315 1358 2335 ‚
1400 2294 1610 2326 neutrum
1640 2283 1689 2326 in
1746 2300 1748 2302 ·

276 2443 283 2446 “
344 2439 447 2486 Vir-g.
470 2441 510 2473 in
529 2442 585 2474 II.
602 2439 696 2474 Aen.
719 2449 774 2472 vs,
795 2447 875 2484 591.

340 2484 376 2529 §-
398 2496 451 2519 ιο
477 2485 525 2519 ab
553 2486 676 2519 eodem
703 2485 900 2530 incipiunt.
949 2484 1042 2519 Post
1066 2485 1190 2521 eodem
1220 2484 1338 2521 codd,
1369 2487 1598 2527 auctoritate
1622 2498 1684 2528 ex·
1718 2467 1748 2555 ε

386 2531 502 2576 punxi
522 2537 654 2564 autem.
1721 2546 1745 2574 ῳ

285 2570 297 2588 ‘
338 2575 374 2622 §-
395 2590 446 2612 11.
488 2577 679 2612 Terentius
709 2577 750 2610 in
779 2577 897 2612 Andr.
931 2576 1011 2611 Act.
1043 2577 1113 2611 ΙΙΙ.
1147 2578 1205 2613 Sc.
1226 2589 1260 2623 3.
1290 2590 1343 2613 vs.
1363 2590 1420 2623 44.
1443 2584 1446 2586 ’
1467 2583 1518 2615 In
1544 2582 1683 2616 eadem.
1724 2586 1743 2607 *ι

385 2623 467 2658 Act.
490 2624 541 2657 ΙΙ.
563 2623 622 2656 Sc.
648 2633 680 2656 2.
703 2634 755 2656 vs.
781 2634 834 2667 ¹3·

279 2679 295 2704 ὲ
341 2670 421 2704 Ter.
451 2670 492 2703 in
515 2669 633 2704 Andr.
659 2668 833 2702 Act.111.
864 2670 977 2714 Sc.5.
1007 2680 1058 2704 vs
1081 2658 1114 2704 2,
1162 2671 1265 2704 Idem
1295 2671 1336 2704 in
1362 2673 1565 2708 Heautont.
1597 2673 1679 2708 Aet.

382 2717 818 2759 11.Sc.3.vs.3o.1n
843 2716 1030 2752 Eunucho.
1056 2717 1138 2750 Act.
1160 2716 1202 2750 V.
1223 2716 1282 2750 Sc.
1305 2728 1338 2762 7.
1356 2729 1406 2751 vs.
1427 2729 1460 2762 3.
1512 2719 1582 2754 Cic.
1606 2730 1678 2764 pro

382 2763 464 2813 Sep.
485 2764 595 2795 Rosc.
613 2771 648 2793 v.
669 2759 752 2793 Ind.

333 2807 503 2843 demens
526 2805 694 2854 genitauo
719 2812 758 2841 et
782 2806 823 2841 iu
843 2806 858 2841 i
877 2806 1014 2843 dativa
1062 2807 1200 2854 Vulgo,
1225 2827 1270 2835 -
1289 2809 1548 2855 genitizus—
1571 2809 1676 2844 dati-
1730 2816 1739 2828 ⁸
