1748 3112
266 246 349 291 528
649 244 802 293 mm.
833 238 953 295 vit:-
998 247 1140 296 ent.
1172 252 1259 297 xi.

267 377 492 418 squamoso
515 379 636 417 pecu.
696 366 819 408 Idem
853 365 1110 420 iri'eademz
1157 369 1239 409 Ubi
1267 364 1573 418 demisi-retem
1593 379 1664 412 at-

269 435 346 475 que
363 421 558 470 hamam,
590 424 801 477 quiequid
817 424 953 464 haesit
976 426 1174 473 extraho,
1203 426 1325 483 quod
1346 425 1477 470 etism
1499 427 1664 477 foemi-

267 475 380 517 nino
406 491 566 532 genere
595 478 790 534 protulit·
812 483 1059 524 secundum
1094 481 1284 537 primam
1305 478 1662 526 declinationem.

268 534 394 575 Idem
417 533 465 573 in
479 535 710 582 Rudente:
742 540 829 584 Pol
838 541 978 592 magis
991 543 1218 592 sapuisset,
1242 543 1282 579 si
1302 540 1521 582 dormiam
1533 543 1662 590 domi,

196 610 199 616 -
226 591 231 599 ¹
268 604 370 650 ¹nam
401 594 511 629 nime
540 594 580 631 et
603 593 778 646 'operam
804 595 926 634 ludos
947 595 1073 649 sae-ic
1105 606 1145 636 et
1170 600 1345 645 retiam,
1375 594 1664 652 ut‘tempestas

226 660 228 665 ’
267 655 340 686 est.
402 647 621 690 Horatius
645 648 693 690 in
726 652 776 692 11.
807 651 1219 694 Sermonumz*His
1250 662 1296 692 ιιι
1328 654 1665 709 sublutiae‚‘puer

268 705 355 742 alte
380 707 545 744 cinctus
559 711 779 755 acernam,
807 722 1001 761 gausape
1014 724 1226 763 purpureo
1252 725 1437 754 mensam
1454 714 1664 765 pertersit.

268 760 400 801 Unde
441 759 617 803 Persius
651 763 775 819 quasi
809 765 856 805 in
889 779 911 805 e
945 775 1118 807 tantum
1149 766 1379 808 desinente
1418 764 1666 824 supradicti

267 815 471 857 nominis
500 819 693 861 ablativo
734 835 921 877 gausapa
952 820 1063 862 dixit
1096 823 1285 878 plurale,
1318 838 1410 865 non
1432 821 1665 880 gausapia:

268 875 366 914 Iam
387 874 617 916 chlamides
640 892 803 931 regum,
835 882 925 917 iam
944 880 1060 919 lutea
1081 895 1286 932 gausapa
1307 884 1459 934 captis.
1520 881 1666 921 Idem:

270 931 541 971 Balanatum
557 948 752 987 gausape
776 944 929 988 pectes.
991 933 1302 992 Antiquissimi
1338 947 1488 978 tamen
1515 946 1559 978 et
1590 934 1668 977 hic

270 1001 480 1051 gausapes
502 999 546 1029 et
567 991 675 1032 haec
693 1004 880 1047 gausapa
903 1001 944 1032 et
962 993 1048 1033 hoc
1069 1006 1282 1058 gausape,
1316 1004 1361 1035 et
1385 993 1668 1050 pluraleneu·

270 1053 330 1085 tn
370 1045 478 1085 haec
510 1060 723 1110 gausapa,
767 1047 890 1104 quasi
922 1063 944 1088 a
967 1047 1248 1090 nominativo
1286 1052 1373 1091 hoc
1411 1062 1668 1105 gausapina,

266 1097 509 1155 ,protulisse
540 1103 850 1145 inveniuntur.
912 1106 1040 1146 Unde
1061 1103 1241 1147 Cassius
1270 1108 1326 1147 ad
1347 1107 1675 1148 Maecenatem:

200 1155 248 1200 56
273 1157 475 1221 quasa-po
498 1173 707 1211 purpureo
739 1163 967 1201 salutatus.
1025 1165 1157 1203 Varro
1181 1176 1284 1203 vero
1317 1164 1370 1204 de
1394 1162 1564 1218 Lingua
1590 1165 1669 1203 La·

272 1223 367 1253 tina
390 1224 475 1252 alt:
513 1217 640 1256 Talia
662 1234 711 1259 ex
732 1220 895 1257 Graeco
918 1228 1088 1272 sumpta
1117 1234 1165 1258 ex
1191 1222 1426 1259 masculino
1449 1222 1496 1258 in
1506 1219 1669 1273 foemi-

270 1272 420 1309 ninum
442 1276 646 1323 transire,
679 1284 716 1313 et
735 1277 859 1315 aliter
877 1291 926 1314 ea
933 1277 1063 1324 finiri
1075 1306 1086 1325 ‚
1121 1273 1142 1319 ὅ
1164 1279 1324 1331 κοχλίας
1347 1277 1455 1317 haec
1471 1276 1667 1322 cochlea,

273 1324 296 1369 ὁ
318 1324 466 1382 χάρτης
485 1329 596 1370 haec
620 1332 796 1382 charta,
828 1330 851 1374 ὅ
871 1330 1085 1388 γαυσάπης
1107 1334 1215 1374 haec
1236 1345 1439 1388 gausapa.
1503 1333 1670 1373 seneca

274 1381 496 1435 Ovidium
518 1398 729 1441 sequenst
763 1389 970 1441 Gausapa
997 1392 1038 1428 si
1064 1392 1259 1442 sumpsit,
1279 1404 1480 1442 gausapa
1499 1395 1671 1441 sumpta

267 1439 435 1504 probet.
495 1441 676 1496 Propria
707 1446 903 1495 ejusdem
928 1443 1259 1486 terminationis
1291 1444 1481 1486 similem
1505 1445 1672 1485 habent

271 1495 607 1538 'nommativum
627 1499 840 1548 ablativo,
875 1503 959 1542 hoc
982 1504 1212 1543 Praeneste
1235 1503 1286 1542 ab
1307 1504 1394 1543 hoc
1418 1504 1669 1544 Praeneste.

269 1549 481 1608 Virgilius
524 1553 571 1594 in
601 1567 782 1597 octavo:
828 1559 980 1610 Qualis
1016 1573 1155 1605 eram,
1194 1574 1289 1598 cum
1312 1562 1504 1612 primam
1532 1555 1671 1597 aciem

276 1610 502 1651 Praeneste
533 1613 608 1653 sub
646 1617 755 1668 ipsa.
813 1615 1019 1670 Figurate
1050 1616 1172 1656 enim
1193 1616 1249 1656 ad
1270 1618 1428 1656 urbem
1453 1611 1669 1661 reddidit,

370 1774 509 1818 (Bothe
530 1775 625 1821 843.)
668 1777 714 1810 In
741 1779 877 1813 eadem.
910 1778 991 1813 Act.
1013 1779 1076 1812 IV.
1107 1778 1167 1812 Sc.
1186 1789 1219 1823 5.
1251 1791 1299 1813 vs.
1321 1789 1378 1824 45.
1411 1776 1552 1824 (Bothe
1570 1775 1669 1820 884.)

373 1820 445 1855 Ubi
475 1823 615 1856 demisi.
663 1824 862 1858 Putschius
894 1836 981 1858 curn
1010 1824 1170 1857 caeteris
1205 1831 1246 1857 ue
1277 1826 1409 1859 dimisi.
1458 1825 1540 1868 Ego
1558 1823 1668 1857 MSS.

367 1867 481 1902 Luth.
503 1868 635 1902 Zwioc.
662 1881 690 1904 1.
714 1881 747 1904 2.
768 1870 868 1915 Lips.
893 1883 921 1904 ι.
946 1883 976 1905 2.
1000 1871 1078 1904 Erl.
1105 1883 1134 1903 1.
1157 1883 1188 1904 2.
1211 1871 1347 1905 Dresd.
1370 1876 1520 1905 secutus
1539 1867 1672 1914 genui-

330 1952 337 1954 *
367 1923 461 1948 num
479 1919 624 1949 textum
644 1915 804 1950 restitui.
855 1918 937 1951 MS.
960 1917 1093 1949 Zwicc.
1120 1928 1150 1950 1.
1179 1917 1270 1950 lzaec
1288 1917 1339 1949 sit
1356 1927 1424 1961 pro
1442 1916 1577 1951 haesit.

327 1957 429 1994 Idem
454 1960 496 1992 in
512 1961 696 1995 Rudente.
732 1962 812 1996 Act.
836 1963 926 1997 1111,
956 1963 1015 1996 Sc.
1040 1974 1070 1995 1.
1099 1973 1149 1995 vs.
1170 1974 1203 2006 9.
1255 1963 1325 1995 Pro
1355 1963 1543 2007 sapuisset
1562 1960 1668 1995 MSS.

370 2004 482 2039 Luth.
511 2006 645 2041 Zwicc.
669 2019 701 2041 2.
731 2009 904 2052 sopisset.
954 2009 1034 2042 MS.
1067 2007 1168 2052 Lips.
1204 2020 1233 2042 1.
1260 2008 1473 2052 sapivisset.
1520 2006 1677 2040 Deinde

372 2062 462 2085 vero
484 2052 678 2086 dormisset
703 2065 770 2098 pro
792 2055 1024 2088 dormivisset
1053 2054 1220 2087 scribere
1251 2052 1377 2095 debui,
1403 2064 1492 2086 cum
1511 2052 1672 2087 Codices
1716 2052 1721 2055 “

370 2097 451 2131 mei
470 2102 621 2132 tantum
639 2109 717 2132 non
734 2109 864 2134 omnes
885 2099 983 2133 hanc
999 2099 1207 2133 lectionem
1223 2099 1434 2134 exhibeant.

275 2177 277 2179 .
324 2143 506 2188 Horatius
525 2144 565 2176 in
584 2147 639 2178 II.
661 2147 771 2179 Ser-m.
807 2145 882 2180 Sat.
904 2151 936 2185 8.
960 2158 1010 2180 vs.
1035 2158 1085 2179 ιι.
1137 2146 1209 2179 Pro
1230 2145 1294 2179 ubi
1314 2144 1542 2179 auctoritate
1562 2144 1670 2179 MSS.

370 2189 484 2224 Luth.
509 2189 642 2224 Zwicc.
667 2203 696 2225 1.
719 2203 749 2226 2.
771 2191 871 2236 Lips.
899 2204 928 2226 1.
950 2204 979 2226 2.
1004 2204 1036 2236 5.
1058 2191 1195 2226 Dresd.
1218 2191 1294 2226 Erl.
1318 2204 1348 2226 1.
1371 2203 1404 2225 2.
1422 2190 1576 2236 reposui
1595 2196 1649 2223 ut.

323 2235 489 2270 Persius.
524 2236 600 2270 Sat.
629 2237 692 2271 VI.
722 2250 773 2271 νε.
797 2238 854 2280 46.
921 2238 1032 2272 Idem.
1065 2238 1140 2271 sat.
1170 2239 1232 2271 IV.
1263 2249 1402 2284 vsw57.
1449 2237 1523 2271 Pro
1542 2241 1673 2285 pectes

368 2280 482 2324 vulgo
508 2282 697 2326 scriptum
726 2289 845 2317 exstat
863 2285 997 2329 pectis.
1052 2284 1129 2316 Nos
1158 2284 1267 2318 MSS.
1295 2282 1396 2327 Lips.
1432 2294 1462 2316 1.
1491 2293 1525 2316 2.
1555 2279 1670 2315 Luth.

370 2326 505 2361 Zwicc.
530 2339 559 2361 ι.
584 2339 615 2361 2.
647 2328 725 2362 Erl.
749 2342 776 2362 1.
803 2341 834 2363 2.
862 2331 998 2363 Dresd.
1028 2328 1149 2362 secuti
1175 2336 1301 2373 pectes
1329 2327 1570 2374 scripsimus,
1595 2337 1672 2360 non

367 2372 601 2418 ignorantes,
626 2373 667 2407 in
684 2374 791 2408 libris
810 2374 931 2409 Persii
960 2374 1071 2409 editis
1089 2374 1166 2419 legi
1178 2380 1323 2418 pectas.

323 2430 361 2475 5.
379 2430 435 2474 56.
464 2429 574 2463 aliter
594 2442 638 2464 ea
654 2431 774 2475 finiri.
814 2432 936 2477 Vulgo
956 2443 980 2464 α
1002 2431 1125 2466 litera.
1173 2430 1267 2464 Edd.
1289 2431 1383 2464 Ven.
1407 2430 1498 2464 alite
1518 2441 1575 2464 ea.
1600 2429 1673 2463 Le—

371 2475 540 2509 ctionem
558 2476 748 2521 vulgatam
771 2489 848 2512 non
867 2476 1143 2519 sollicitassem,
1169 2476 1243 2509 nisi
1270 2476 1453 2511 Codicum
1472 2474 1673 2510 consensui

369 2520 551 2602 :Remsdstfire
574 2527 704 2565 recte,
740 2529 855 2568 puto,
888 2523 1128 2557 dubitassem.
1188 2522 1360 2556 Ovidium
1387 2533 1553 2569 sequens.
1589 2522 1669 2555 Ast.

445 2594 453 2602 .
517 2593 525 2601 .
548 2580 596 2601 vs.
621 2579 699 2612 300.

329 2613 498 2660 Vir-3:371
514 2615 632 2650 VIII.
663 2626 713 2649 νε.
736 2615 815 2659 561.
866 2616 966 2651 Idem
984 2617 1025 2649 in
1046 2616 1134 2651 VH.
1163 2626 1216 2648 vs.
1239 2615 1316 2653 682.
1338 2614 1469 2659 quique
1488 2625 1582 2648 arva
1602 2614 1673 2656 Ce-

372 2659 492 2694 lenae.
541 2661 613 2693 Pro
643 2672 736 2694 arva
755 2662 836 2695 MS.
861 2661 962 2707 Lips.
987 2667 1019 2696 2'.
1042 2661 1174 2695 Zwicc.
1198 2672 1228 2695 2.
1245 2671 1359 2694 arma.
1407 2661 1479 2693 Pro
1514 2657 1671 2693 Celenae

371 2706 435 2739 vul
506 2705 651 2740 editum
670 2712 729 2739 est
747 2707 886 2743 Celene.
938 2709 995 2741 Ita
1023 2707 1197 2752 plerique
1216 2706 1304 2740 libri
1333 2715 1447 2739 manu
1464 2703 1606 2749 scripti,
1631 2703 1673 2737 in

367 2716 507 2799 <litigiis
522 2756 652 2788 tamen
671 2752 845 2790 ultimam
860 2764 884 2787 e
900 2764 969 2799 pro
988 2764 1033 2788 ae
1051 2753 1214 2799 positam
1234 2763 1328 2794 esse,
1350 2762 1428 2786 non
1445 2749 1559 2786 facile
1585 2749 1673 2793 erit,
