1748 3112
290 267 397 311 402²
691 240 981 307 Lmqvui.
1042 264 1180 310 cAP.
1211 269 1288 309 xi.

293 392 446 434 veson,
497 379 690 426 calesco,
741 379 973 424 horresco,
1020 376 1438 442 tepesCO,esu1io,
1481 377 1683 427 lecturio,

295 413 533 484 micturio,
586 433 800 490 parturio.
861 437 974 477 Sunt
1002 433 1087 476 alia
1126 435 1282 486 verba,
1333 430 1496 500 quibus
1524 435 1686 477 desunt

298 495 471 537 diversa
499 503 723 547 tempora,
763 506 848 533 usu
877 489 1136 540 deficiente,
1186 505 1278 532 non
1308 490 1480 534 ratione
1512 490 1685 548 signifi-

297 548 500 595 cationis.
560 553 618 592 Et
653 548 917 605 quibusdam
945 549 1067 590 deest
1097 546 1388 612 praeteritum
1421 549 1685 614 perfectum,

297 621 343 652 et
364 604 529 655 omnia,
553 620 666 662 quae
696 620 747 647 ex
775 619 827 647 eo
860 616 1129 656 nascuntur,
1161 615 1209 645 ut
1238 602 1374 653 ferio,
1406 605 1534 653 sisto,
1566 606 1688 656 tollo,

298 667 417 712 fero,
449 667 542 718 ajo,
573 663 694 709 furo,
709 663 844 726 quod
864 665 993 702 Varro
1015 660 1176 716 posuit.
1236 664 1351 717 Ergo
1373 660 1562 703 aliorum
1582 677 1686 703 ver-

297 725 459 765 borum
491 717 740 776 praeteritis
773 718 999 775 perfectis,
1039 732 1150 783 quae
1179 717 1391 759 videntur
1420 719 1602 759 eandem
1623 717 1687 759 si-

280 776 635 843 '‘gnificationem
665 777 838 823 habere,
867 788 948 830 pro
970 773 1038 814 his
1071 773 1261 822 utimur,
1293 773 1341 815 in
1371 774 1566 840 quibus
1553 789 1689 817 inve-

296 835 470 882 nimus,
511 845 563 874 ut
602 830 806 896 percutio
846 829 1072 886 percussi,
1124 829 1233 872 ferio
1264 830 1485 896 percussi,
1543 842 1687 874 statuo

298 889 459 939 statui,
490 889 600 931 sisto
622 887 780 938 statui,
822 889 916 934 v,el
957 897 1008 927 ut
1038 885 1237 941 quidam,
1265 887 1388 936 steti,
1419 889 1539 944 quod
1576 899 1639 930 est
1664 902 1688 930 a

300 960 389 991 sto
446 948 534 989 Sed
559 948 644 987 Jux
650 943 822 986 enalis'
809 960 855 984 m
881 946 949 985 III.
973 944 1214 990 Gaudentes
1228 944 1352 996 foedo
1376 948 1601 998 peregrina
1629 946 1691 984 ad

293 1008 471 1068 pulpita
504 1014 633 1043 οαηιιι
668 1005 891 1055 prostitui,
939 1014 1020 1055 pro
1050 999 1244 1055 prosis-ti.
1305 1001 1482 1043 Sustulo
1515 999 1667 1066 antiqu
1673 999 1688 1041 i

298 1059 480 1106 sustuli,
515 1059 619 1100 tollo
641 1057 829 1106 sustuli,
861 1057 1024 1098 suffero
1055 1056 1237 1105 sustuli,
1271 1058 1367 1098 tulo
1391 1056 1565 1113 antiqui
1590 1056 1691 1109 tuli,

296 1120 391 1161 fero
411 1114 518 1169 tuli3
548 1113 723 1156 insanio
745 1112 961 1160 insanivi,
1004 1114 1103 1154 furo
1135 1112 1348 1159 insanivi.
1409 1116 1532 1155 Meto
1555 1113 1689 1155 etiam

297 1174 480 1240 quidam
512 1170 715 1218 messivi‚
758 1169 937 1230 quidam
969 1183 1158 1211 messem
1192 1168 1304 1217 feci,
1336 1171 1414 1211 sed
1437 1183 1543 1211 usus
1558 1180 1690 1211 vetu-

296 1229 595 1274 stissimorum
616 1228 779 1269 messui
803 1223 1072 1278 com'probat,
1113 1227 1257 1282 quod,
1290 1241 1394 1268 cum
1418 1227 1472 1269 de
1500 1237 1690 1282 praeter-

299 1286 362 1329 ito
401 1284 710 1334 tractabimus,
753 1285 1022 1325 ostendetur.
1084 1284 1229 1325 Cerno
1264 1283 1408 1336 crevi,
1459 1293 1502 1324 et
1540 1296 1691 1324 cresco

224 1354 268 1389 60
294 1342 439 1390 crevi,
473 1342 594 1398 apud
627 1339 954 1381 vetustissimos
983 1338 1228 1383 invenitur.
1284 1342 1318 1381 A
1339 1353 1541 1390 moereo,
1570 1341 1689 1380 unde

294 1413 494 1446 moeror.
537 1395 712 1438 moerui
744 1397 874 1438 debet
900 1397 1068 1443 facere,
1100 1395 1210 1436 sed
1197 1410 1243 1436 111
1267 1411 1351 1437 usu
1372 1410 1462 1438 non
1482 1405 1548 1437 est
1570 1410 1688 1438 moe

294 1457 392 1504 rui;
431 1455 595 1495 mando
629 1451 821 1504 mandis,
865 1455 958 1503 ejus
989 1451 1277 1516 praeteritum
1311 1452 1562 1508 perfectum
1596 1451 1690 1508 qui·

296 1516 397 1556 dam
424 1509 599 1558 mandi,
640 1507 716 1550 alii
746 1507 946 1556 mandui,
990 1507 1065 1549 alii
1088 1508 1290 1550 mandidi
1313 1524 1404 1550 esse
1433 1509 1689 1551 voluerunt.

295 1568 454 1612 Livius
485 1567 533 1608 in
565 1564 767 1609 Odissia:
801 1566 903 1604 Cum
931 1569 1065 1604 socios
1087 1576 1250 1606 nostros
1279 1566 1510 1605 mandis-set
1530 1569 1688 1618 impla-s

299 1628 476 1678 Ciclops.
532 1624 567 1664 A
599 1621 738 1664 strido
759 1635 935 1677 quoque
957 1620 1034 1662 alii
1055 1619 1244 1669 stridui,
1277 1619 1356 1662 alii
1377 1619 1506 1662 stridi
1527 1632 1687 1677 protu-

292 1683 457 1723 lerunt.
516 1678 690 1722 Ennius
723 1678 771 1720 in
801 1681 871 1720 X1.
893 1676 1155 1720 Annalium.
1192 1682 1414 1742 Missaque
1436 1693 1514 1731 per
1538 1689 1686 1731 pectus·

291 1741 394 1779 dam
409 1741 580 1784 transit,
600 1737 754 1776 stude,
755 1746 802 1774 at
813 1737 950 1774 hasta.
1010 1737 1062 1775 ln
1086 1733 1286 1798 passivis
1295 1745 1337 1775 et
1362 1733 1683 1776 communibus

291 1806 339 1837 et
349 1791 695 1851 deponentibus,
728 1790 777 1832 id
792 1802 858 1832 est
872 1789 920 1831 in
941 1789 1151 1831 omnibus
1165 1789 1344 1832 verbis‘
1330 1805 1380 1832 111
1402 1805 1452 1832 01·
1469 1788 1685 1831 desinen-

292 1851 415 1893 tibus
437 1853 602 1893 desunt
620 1859 816 1903 tempora
834 1845 1069 1912 praeterita
1091 1848 1307 1902 perfecta,
1341 1858 1386 1888 et
1407 1846 1559 1888 omnia
1574 1861 1685 1901 quae

293 1922 345 1949 ex
394 1906 463 1948 his
496 1915 751 1947 nascuntur.
810 1902 1054 1959 Participia
1096 1915 1252 1944 tamen
1275 1908 1515 1955 conjuncta
1548 1904 1687 1944 verbo

290 1963 598 2008 substantivo,
631 1961 679 2003 id
702 1971 767 2002 est
788 1974 889 2001 sum
904 1990 916 2007 ,
955 1970 999 2001 et
1022 1959 1148 2006 omni
1174 1964 1266 2011 ejus
1289 1957 1496 2015 tempori,
1528 1972 1684 2001 eorum

384 2110 490 2205 fecii
509 2125 601 2159 Mox
618 2123 776 2168 definita
797 2122 927 2168 scripsi
945 2133 1014 2168 pro
1036 2123 1195 2168 diffinita
1215 2121 1424 2157 secundum
1442 2122 1525 2158 MS.
1548 2121 1682 2157 Zwicc.

387 2184 402 2206 1
440 2183 461 2205 a
478 2182 624 2216 lOSque.

335 2229 447 2274 §.59
481 2230 596 2264 Varro
612 2228 751 2273 posuit.
785 2226 922 2272 Vulgo,
943 2226 1066 2271 ponit.
1112 2225 1307 2260 Juvenalis
1325 2226 1367 2260 in
1385 2228 1463 2260 ΙΙΙ.
1481 2224 1557 2259 Sat.
1574 2225 1680 2259 VIII.

382 2286 434 2307 vs.
457 2286 535 2308 221.
585 2274 678 2307 Mox
696 2273 754 2307 bis
770 2273 881 2318 posui
898 2273 1048 2317 antiqui
1067 2283 1139 2316 pro
1155 2271 1309 2316 vulgato
1329 2273 1494 2318 antique,
1518 2271 1681 2305 auetori-

378 2325 460 2354 tate
479 2319 588 2353 MSS.
611 2318 721 2352 Luth.
744 2319 846 2363 Lips.
872 2331 901 2352 1.
924 2330 956 2352 2.
976 2329 1009 2361 5.
1031 2317 1109 2351 Erl.
1131 2329 1159 2351 1.
1182 2329 1213 2351 2.

327 2373 420 2422 suro
441 2375 617 2410 insanivi.
663 2375 788 2420 Vulgo
804 2374 931 2419 furio,
956 2375 1058 2421 quod
1077 2386 1154 2409 non
1174 2374 1296 2409 solum
1314 2372 1474 2408 Codices
1499 2374 1579 2410 mei
1597 2374 1680 2411 fere

381 2432 526 2462 omnes,
547 2421 624 2456 sed
643 2421 840 2455 Editiones
870 2421 986 2456 etiam
1003 2422 1172 2455 Venetae
1191 2420 1379 2454 damnant.

335 2478 371 2523 5.
393 2478 448 2512 60.
475 2479 609 2511 moerui
635 2478 741 2513 debet
756 2476 898 2523 facere.
933 2476 1054 2512 Debet
1081 2488 1150 2522 pro
1171 2477 1298 2511 debuit
1322 2477 1430 2512 MSS.
1449 2478 1536 2512 mei.
1586 2479 1680 2512 Mox

380 2535 448 2576 pro
489 2525 691 2558 mandisset
718 2524 827 2558 MSS.
858 2523 959 2568 Lips.
978 2535 1010 2557 2.
1031 2533 1064 2567 3.
1091 2524 1341 2558 mandidisset.
1389 2522 1491 2569 [ἀρε.
1513 2536 1545 2559 2.
1576 2524 1680 2559 addit

378 2569 494 2604 etiam
509 2575 596 2614 post
613 2570 756 2611 Livius,
783 2576 915 2603 tamen.

333 2617 523 2650 strideret.
570 2616 658 2651 Duo
678 2615 796 2651 Codd.
820 2615 1014 2654 stt-idean
1045 2624 1141 2649 unus
1161 2615 1332 2649 strideat.

335 2673 426 2707 Post
442 2675 662 2717 τετυμμένοι
686 2667 780 2718 ἦσαν
804 2672 943 2716 legitur
962 2672 1002 2705 in
1019 2672 1115 2706 Edd.
1135 2672 1198 2713 vul
1224 2672 1294 2706 atis
1323 2669 1490 2728 ὄριπικοὲ
1517 2669 1673 2710 εὸπιιιᾶ.

378 2719 484 2753 Haec
501 2718 645 2752 frustra
661 2718 830 2765 quaesivi
848 2718 890 2751 in
907 2718 1017 2755 MSS.
1066 2719 1165 2752 Item
1191 2716 1421 2771 υπρτακτικαὶ
1437 2724 1525 2763 post
1539 2717 1677 2762 εἴησαν.

377 2760 471 2801 ’Edu
499 2770 648 2809 autem,
673 2764 774 2811 quod
803 2763 901 2810 apud
926 2763 1147 2798 Putschium
1175 2770 1213 2799 et
1238 2764 1279 2797 in
1305 2764 1400 2798 Edd.
1430 2765 1515 2799 Bas.
1545 2763 1675 2799 colon.
