<?xml version="1.0" encoding="UTF-8"?>
<!DOCTYPE html PUBLIC "-//W3C//DTD XHTML 1.0 Transitional//EN"
    "http://www.w3.org/TR/xhtml1/DTD/xhtml1-transitional.dtd">
<html xmlns="http://www.w3.org/1999/xhtml" xml:lang="en" lang="en">
 <head>
  <title>
</title>
<meta http-equiv="Content-Type" content="text/html;charset=utf-8" />
  <meta name='ocr-system' content='tesseract 3.04.00' />
  <meta name='ocr-capabilities' content='ocr_page ocr_carea ocr_par ocr_line ocrx_word'/>
</head>
<body>
  <div class='ocr_page' id='page_1' title='image "./priscianicaesari01prisuoft/priscianicaesari01prisuoft_0532.png"; bbox 0 0 1748 3112; ppageno 0'>
   <div class='ocr_carea' id='block_1_1' title="bbox 302 275 1279 330">
    <p class='ocr_par' dir='ltr' id='par_1_1' title="bbox 302 275 1279 330">
     <span class='ocr_line' id='line_1_1' title="bbox 302 275 1279 330; baseline -0.002 0"><span class='ocrx_word' id='word_1_1' title='bbox 302 287 386 330; x_wconf 85' lang='lat'><strong>500</strong></span> <span class='ocrx_word' id='word_1_2' title='bbox 726 283 854 329; x_wconf 88' lang='lat' dir='ltr'><strong>L1B.</strong></span> <span class='ocrx_word' id='word_1_3' title='bbox 882 284 935 325; x_wconf 85' lang='lat' dir='ltr'><strong>x.</strong></span> <span class='ocrx_word' id='word_1_4' title='bbox 992 275 1137 327; x_wconf 66' lang='grc'>0311).</span> <span class='ocrx_word' id='word_1_5' title='bbox 1167 286 1279 328; x_wconf 83' lang='lat' dir='ltr'><strong>vn.</strong></span> 
     </span>
    </p>
   </div>
   <div class='ocr_carea' id='block_1_2' title="bbox 238 399 1744 2379">
    <p class='ocr_par' dir='ltr' id='par_1_2' title="bbox 238 399 1744 2379">
     <span class='ocr_line' id='line_1_2' title="bbox 302 399 1710 469; baseline 0.001 -26"><span class='ocrx_word' id='word_1_6' title='bbox 302 417 423 459; x_wconf 70' lang='lat' dir='ltr'><strong>posce</strong></span> <span class='ocrx_word' id='word_1_7' title='bbox 451 411 573 442; x_wconf 75' lang='lat' dir='ltr'><strong>extra</strong></span> <span class='ocrx_word' id='word_1_8' title='bbox 606 414 757 454; x_wconf 77' lang='lat' dir='ltr'><strong>corpus</strong></span> <span class='ocrx_word' id='word_1_9' title='bbox 795 399 951 440; x_wconf 81' lang='lat' dir='ltr'><strong>durare</strong></span> <span class='ocrx_word' id='word_1_10' title='bbox 983 403 1181 465; x_wconf 83' lang='lat' dir='ltr'><strong>genique.</strong></span> <span class='ocrx_word' id='word_1_11' title='bbox 1234 401 1266 443; x_wconf 84' lang='lat' dir='ltr'>A</span> <span class='ocrx_word' id='word_1_12' title='bbox 1298 402 1510 445; x_wconf 68' lang='lat' dir='ltr'><strong>canendo</strong></span> <span class='ocrx_word' id='word_1_13' title='bbox 1531 412 1710 469; x_wconf 74' lang='lat' dir='ltr'><strong>qnoque</strong></span> 
     </span>
     <span class='ocr_line' id='line_1_3' title="bbox 309 454 1710 523; baseline -0.001 -22"><span class='ocrx_word' id='word_1_14' title='bbox 309 456 562 515; x_wconf 89' lang='lat' dir='ltr'><strong>composita</strong></span> <span class='ocrx_word' id='word_1_15' title='bbox 598 455 810 498; x_wconf 84' lang='lat' dir='ltr'><strong>similiter</strong></span> <span class='ocrx_word' id='word_1_16' title='bbox 845 456 1159 523; x_wconf 73' lang='lat' dir='ltr'><strong>praeteritum</strong></span> <span class='ocrx_word' id='word_1_17' title='bbox 1166 454 1215 497; x_wconf 89' lang='lat' dir='ltr'><strong>in</strong></span> <span class='ocrx_word' id='word_1_18' title='bbox 1242 456 1291 498; x_wconf 89' lang='lat' dir='ltr'><strong>ui</strong></span> <span class='ocrx_word' id='word_1_19' title='bbox 1320 456 1483 506; x_wconf 74' lang='lat' dir='ltr'><strong>divisae</strong></span> <span class='ocrx_word' id='word_1_20' title='bbox 1520 458 1710 512; x_wconf 84' lang='lat' dir='ltr'><strong>faciunt</strong></span> 
     </span>
     <span class='ocr_line' id='line_1_4' title="bbox 312 511 1709 581; baseline 0 -23"><span class='ocrx_word' id='word_1_21' title='bbox 312 516 496 567; x_wconf 78' lang='lat' dir='ltr'><strong>succino</strong></span> <span class='ocrx_word' id='word_1_22' title='bbox 529 511 758 561; x_wconf 76' lang='lat' dir='ltr'><strong>succinui,</strong></span> <span class='ocrx_word' id='word_1_23' title='bbox 790 512 950 556; x_wconf 90' lang='lat' dir='ltr'><strong>occino</strong></span> <span class='ocrx_word' id='word_1_24' title='bbox 979 511 1174 555; x_wconf 86' lang='lat' dir='ltr'><strong>occinui.</strong></span> <span class='ocrx_word' id='word_1_25' title='bbox 1236 514 1442 581; x_wconf 84' lang='lat' dir='ltr'><strong>Quidam</strong></span> <span class='ocrx_word' id='word_1_26' title='bbox 1463 526 1508 558; x_wconf 91' lang='lat' dir='ltr'><strong>et</strong></span> <span class='ocrx_word' id='word_1_27' title='bbox 1539 528 1709 558; x_wconf 84' lang='lat' dir='ltr'><strong>occano</strong></span> 
     </span>
     <span class='ocr_line' id='line_1_5' title="bbox 311 569 1709 638; baseline -0.002 -21"><span class='ocrx_word' id='word_1_28' title='bbox 311 569 504 617; x_wconf 88' lang='lat' dir='ltr'><strong>occanui</strong></span> <span class='ocrx_word' id='word_1_29' title='bbox 541 571 854 638; x_wconf 81' lang='lat' dir='ltr'><strong>protulerunt,</strong></span> <span class='ocrx_word' id='word_1_30' title='bbox 903 580 956 612; x_wconf 88' lang='lat' dir='ltr'><strong>ut</strong></span> <span class='ocrx_word' id='word_1_31' title='bbox 993 569 1254 612; x_wconf 82' lang='lat' dir='ltr'><strong>Salustius</strong></span> <span class='ocrx_word' id='word_1_32' title='bbox 1239 587 1288 613; x_wconf 85' lang='grc' dir='ltr'><strong>1η</strong></span> <span class='ocrx_word' id='word_1_33' title='bbox 1320 575 1351 614; x_wconf 94' lang='lat' dir='ltr'><strong>I.</strong></span> <span class='ocrx_word' id='word_1_34' title='bbox 1383 570 1709 614; x_wconf 72' lang='lat' dir='ltr'><strong>Historiarum:</strong></span> 
     </span>
     <span class='ocr_line' id='line_1_6' title="bbox 312 627 1710 673; baseline -0.001 -2"><span class='ocrx_word' id='word_1_35' title='bbox 312 635 439 673; x_wconf 76' lang='lat' dir='ltr'><strong>Jusw</strong></span> <span class='ocrx_word' id='word_1_36' title='bbox 468 630 634 670; x_wconf 69' lang='lat' dir='ltr'><strong>Metelli</strong></span> <span class='ocrx_word' id='word_1_37' title='bbox 664 631 899 668; x_wconf 73' lang='lat' dir='ltr'><strong>cornicinee</strong></span> <span class='ocrx_word' id='word_1_38' title='bbox 930 640 1165 667; x_wconf 76' lang='lat' dir='ltr'><strong>oceanuere.</strong></span> <span class='ocrx_word' id='word_1_39' title='bbox 1238 630 1325 670; x_wconf 84' lang='lat' dir='ltr'><strong>Sed</strong></span> <span class='ocrx_word' id='word_1_40' title='bbox 1357 630 1529 671; x_wconf 69' lang='lat' dir='ltr'><strong>Probus</strong></span> <span class='ocrx_word' id='word_1_41' title='bbox 1559 627 1710 671; x_wconf 84' lang='lat' dir='ltr'><strong>occini</strong></span> 
     </span>
     <span class='ocr_line' id='line_1_7' title="bbox 314 682 1710 752; baseline -0.002 -23"><span class='ocrx_word' id='word_1_42' title='bbox 314 700 498 752; x_wconf 87' lang='lat' dir='ltr'><strong>quoque</strong></span> <span class='ocrx_word' id='word_1_43' title='bbox 527 682 754 726; x_wconf 81' lang='lat' dir='ltr'><strong>existimat</strong></span> <span class='ocrx_word' id='word_1_44' title='bbox 779 698 909 741; x_wconf 81' lang='lat' dir='ltr'><strong>posse</strong></span> <span class='ocrx_word' id='word_1_45' title='bbox 942 682 1056 731; x_wconf 85' lang='lat' dir='ltr'><strong>dici,</strong></span> <span class='ocrx_word' id='word_1_46' title='bbox 1090 698 1191 726; x_wconf 91' lang='lat' dir='ltr'><strong>cum</strong></span> <span class='ocrx_word' id='word_1_47' title='bbox 1213 684 1403 750; x_wconf 37' lang='lat' dir='ltr'><strong>‘simplex</strong></span> <span class='ocrx_word' id='word_1_48' title='bbox 1425 699 1537 727; x_wconf 84' lang='lat' dir='ltr'><strong>cano</strong></span> <span class='ocrx_word' id='word_1_49' title='bbox 1561 684 1710 727; x_wconf 84' lang='lat' dir='ltr'>cecini</span> 
     </span>
     <span class='ocr_line' id='line_1_8' title="bbox 312 738 1711 805; baseline -0.003 -18"><span class='ocrx_word' id='word_1_50' title='bbox 312 744 462 790; x_wconf 83' lang='lat' dir='ltr'><strong>faciat,</strong></span> <span class='ocrx_word' id='word_1_51' title='bbox 496 741 727 805; x_wconf 79' lang='lat' dir='ltr'><strong>quomodo</strong></span> <span class='ocrx_word' id='word_1_52' title='bbox 752 755 775 781; x_wconf 90' lang='lat' dir='ltr'><strong>a</strong></span> <span class='ocrx_word' id='word_1_53' title='bbox 799 742 910 782; x_wconf 85' lang='lat' dir='ltr'><strong>cado</strong></span> <span class='ocrx_word' id='word_1_54' title='bbox 943 738 1102 805; x_wconf 80' lang='lat' dir='ltr'><strong>cecidi,</strong></span> <span class='ocrx_word' id='word_1_55' title='bbox 1134 740 1287 783; x_wconf 82' lang='lat' dir='ltr'><strong>incido</strong></span> <span class='ocrx_word' id='word_1_56' title='bbox 1312 741 1468 789; x_wconf 88' lang='lat' dir='ltr'><strong>incidi,</strong></span> <span class='ocrx_word' id='word_1_57' title='bbox 1503 751 1548 784; x_wconf 86' lang='lat' dir='ltr'><strong>et</strong></span> <span class='ocrx_word' id='word_1_58' title='bbox 1567 756 1590 783; x_wconf 91' lang='lat' dir='ltr'><strong>a</strong></span> <span class='ocrx_word' id='word_1_59' title='bbox 1612 754 1711 783; x_wconf 86' lang='lat' dir='ltr'><strong>tan-</strong></span> 
     </span>
     <span class='ocr_line' id='line_1_9' title="bbox 313 796 1709 863; baseline -0.001 -22"><span class='ocrx_word' id='word_1_60' title='bbox 313 815 369 858; x_wconf 87' lang='lat' dir='ltr'><strong>go</strong></span> <span class='ocrx_word' id='word_1_61' title='bbox 402 797 554 854; x_wconf 79' lang='lat' dir='ltr'><strong>tetigi,</strong></span> <span class='ocrx_word' id='word_1_62' title='bbox 587 796 802 863; x_wconf 89' lang='lat' dir='ltr'><strong>contingo</strong></span> <span class='ocrx_word' id='word_1_63' title='bbox 835 796 1019 860; x_wconf 74' lang='lat' dir='ltr'><strong>contigi.</strong></span> <span class='ocrx_word' id='word_1_64' title='bbox 1084 800 1133 840; x_wconf 87' lang='lat' dir='ltr'>M</span> <span class='ocrx_word' id='word_1_65' title='bbox 1162 801 1450 840; x_wconf 84' lang='lat' dir='ltr'><strong>antecedente</strong></span> <span class='ocrx_word' id='word_1_66' title='bbox 1478 813 1539 840; x_wconf 88' lang='lat' dir='ltr'><strong>no</strong></span> <span class='ocrx_word' id='word_1_67' title='bbox 1570 798 1620 839; x_wconf 89' lang='lat' dir='ltr'><strong>in</strong></span> <span class='ocrx_word' id='word_1_68' title='bbox 1641 797 1709 855; x_wconf 76' lang='lat' dir='ltr'><strong>psi</strong></span> 
     </span>
     <span class='ocr_line' id='line_1_10' title="bbox 314 853 1711 920; baseline -0.003 -20"><span class='ocrx_word' id='word_1_69' title='bbox 314 870 554 904; x_wconf 84' lang='lat' dir='ltr'><strong>conversa,</strong></span> <span class='ocrx_word' id='word_1_70' title='bbox 587 853 696 896; x_wconf 81' lang='lat' dir='ltr'><strong>facit</strong></span> <span class='ocrx_word' id='word_1_71' title='bbox 692 853 998 918; x_wconf 85' lang='lat' dir='ltr'><strong>praeteritum</strong></span> <span class='ocrx_word' id='word_1_72' title='bbox 1023 855 1296 920; x_wconf 67' lang='lat' dir='ltr'><strong>perfectum,</strong></span> <span class='ocrx_word' id='word_1_73' title='bbox 1328 866 1381 896; x_wconf 88' lang='lat' dir='ltr'><strong>ut</strong></span> <span class='ocrx_word' id='word_1_74' title='bbox 1414 866 1567 897; x_wconf 87' lang='lat' dir='ltr'><strong>temno</strong></span> <span class='ocrx_word' id='word_1_75' title='bbox 1590 865 1711 896; x_wconf 89' lang='lat' dir='ltr'><strong>tem-</strong></span> 
     </span>
     <span class='ocr_line' id='line_1_11' title="bbox 311 909 1711 977; baseline -0.001 -22"><span class='ocrx_word' id='word_1_76' title='bbox 311 914 395 972; x_wconf 87' lang='lat' dir='ltr'><strong>psi.</strong></span> <span class='ocrx_word' id='word_1_77' title='bbox 455 911 549 955; x_wconf 85' lang='lat' dir='ltr'><strong>Alia</strong></span> <span class='ocrx_word' id='word_1_78' title='bbox 577 909 729 954; x_wconf 87' lang='lat' dir='ltr'><strong>omnia</strong></span> <span class='ocrx_word' id='word_1_79' title='bbox 762 926 842 966; x_wconf 86' lang='lat' dir='ltr'><strong>per</strong></span> <span class='ocrx_word' id='word_1_80' title='bbox 872 909 920 951; x_wconf 84' lang='lat' dir='ltr'><strong>vi</strong></span> <span class='ocrx_word' id='word_1_81' title='bbox 950 914 1210 962; x_wconf 78' lang='lat' dir='ltr'><strong>conjunctas</strong></span> <span class='ocrx_word' id='word_1_82' title='bbox 1241 912 1475 977; x_wconf 80' lang='lat' dir='ltr'><strong>proferunt</strong></span> <span class='ocrx_word' id='word_1_83' title='bbox 1496 911 1711 968; x_wconf 74' lang='lat' dir='ltr'><strong>praeteri·</strong></span> 
     </span>
     <span class='ocr_line' id='line_1_12' title="bbox 312 965 1710 1019; baseline -0.002 -6"><span class='ocrx_word' id='word_1_84' title='bbox 312 983 437 1019; x_wconf 87' lang='lat' dir='ltr'><strong>tum,</strong></span> <span class='ocrx_word' id='word_1_85' title='bbox 464 967 559 1011; x_wconf 76' lang='lat' dir='ltr'><strong>sine</strong></span> <span class='ocrx_word' id='word_1_86' title='bbox 580 966 692 1015; x_wconf 84' lang='lat' dir='ltr'><strong>sivi,</strong></span> <span class='ocrx_word' id='word_1_87' title='bbox 724 979 843 1009; x_wconf 80' lang='lat' dir='ltr'><strong>sten</strong></span> <span class='ocrx_word' id='word_1_88' title='bbox 849 981 874 1009; x_wconf 93' lang='lat' dir='ltr'><strong>o</strong></span> <span class='ocrx_word' id='word_1_89' title='bbox 895 965 1055 1016; x_wconf 82' lang='lat' dir='ltr'><strong>stravi,</strong></span> <span class='ocrx_word' id='word_1_90' title='bbox 1089 978 1224 1009; x_wconf 82' lang='lat' dir='ltr'><strong>cerno</strong></span> <span class='ocrx_word' id='word_1_91' title='bbox 1246 966 1379 1010; x_wconf 80' lang='lat' dir='ltr'><strong>crevi.</strong></span> <span class='ocrx_word' id='word_1_92' title='bbox 1438 970 1542 1010; x_wconf 89' lang='lat' dir='ltr'><strong>Non</strong></span> <span class='ocrx_word' id='word_1_93' title='bbox 1560 969 1710 1013; x_wconf 80' lang='lat' dir='ltr'><strong>solum</strong></span> 
     </span>
     <span class='ocr_line' id='line_1_13' title="bbox 313 1022 1709 1090; baseline -0.003 -20"><span class='ocrx_word' id='word_1_94' title='bbox 313 1026 438 1070; x_wconf 89' lang='lat' dir='ltr'><strong>enim</strong></span> <span class='ocrx_word' id='word_1_95' title='bbox 467 1025 513 1069; x_wconf 61' lang='lat' dir='ltr'><strong>td</strong></span> <span class='ocrx_word' id='word_1_96' title='bbox 538 1028 783 1075; x_wconf 78' lang='grc' dir='ltr'><strong><em>κοσκινίζων</em></strong></span> <span class='ocrx_word' id='word_1_97' title='bbox 813 1027 948 1087; x_wconf 76' lang='grc' dir='ltr'><strong><em>κρίνω</em></strong></span> <span class='ocrx_word' id='word_1_98' title='bbox 972 1022 1039 1065; x_wconf 83' lang='lat' dir='ltr'><strong>sic</strong></span> <span class='ocrx_word' id='word_1_99' title='bbox 1060 1022 1169 1065; x_wconf 85' lang='lat' dir='ltr'><strong>facit</strong></span> <span class='ocrx_word' id='word_1_100' title='bbox 1187 1023 1502 1090; x_wconf 65' lang='lat' dir='ltr'><strong>praeteritum,</strong></span> <span class='ocrx_word' id='word_1_101' title='bbox 1534 1026 1611 1066; x_wconf 75' lang='lat' dir='ltr'><strong>sed</strong></span> <span class='ocrx_word' id='word_1_102' title='bbox 1641 1034 1709 1066; x_wconf 84' lang='lat' dir='ltr'><strong>et-</strong></span> 
     </span>
     <span class='ocr_line' id='line_1_14' title="bbox 312 1079 1710 1138; baseline -0.003 -12"><span class='ocrx_word' id='word_1_103' title='bbox 312 1083 406 1126; x_wconf 88' lang='lat' dir='ltr'><strong>iam</strong></span> <span class='ocrx_word' id='word_1_104' title='bbox 434 1097 537 1124; x_wconf 89' lang='lat' dir='ltr'><strong>cum</strong></span> <span class='ocrx_word' id='word_1_105' title='bbox 568 1095 651 1138; x_wconf 89' lang='lat' dir='ltr'><strong>pro</strong></span> <span class='ocrx_word' id='word_1_106' title='bbox 684 1081 819 1123; x_wconf 89' lang='lat' dir='ltr'><strong>video</strong></span> <span class='ocrx_word' id='word_1_107' title='bbox 855 1079 1093 1136; x_wconf 87' lang='lat' dir='ltr'><strong>accipitur.</strong></span> <span class='ocrx_word' id='word_1_108' title='bbox 1153 1080 1390 1123; x_wconf 71' lang='lat' dir='ltr'><strong>Titinnius</strong></span> <span class='ocrx_word' id='word_1_109' title='bbox 1424 1079 1473 1122; x_wconf 90' lang='lat' dir='ltr'><strong>in</strong></span> <span class='ocrx_word' id='word_1_110' title='bbox 1501 1079 1710 1124; x_wconf 87' lang='lat' dir='ltr'><strong>Gemina·</strong></span> 
     </span>
     <span class='ocr_line' id='line_1_15' title="bbox 313 1136 1713 1194; baseline -0.002 -13"><span class='ocrx_word' id='word_1_111' title='bbox 313 1142 460 1181; x_wconf 74' lang='lat' dir='ltr'><strong>Simul</strong></span> <span class='ocrx_word' id='word_1_112' title='bbox 478 1150 526 1179; x_wconf 74' lang='lat' dir='ltr'><strong>ut</strong></span> <span class='ocrx_word' id='word_1_113' title='bbox 539 1154 699 1192; x_wconf 62' lang='lat' dir='ltr'><strong>puel-as</strong></span> <span class='ocrx_word' id='word_1_114' title='bbox 717 1140 796 1178; x_wconf 76' lang='lat' dir='ltr'><strong>Jzas</strong></span> <span class='ocrx_word' id='word_1_115' title='bbox 816 1147 935 1178; x_wconf 80' lang='lat' dir='ltr'><strong>nocte</strong></span> <span class='ocrx_word' id='word_1_116' title='bbox 954 1142 1166 1191; x_wconf 54' lang='lat' dir='ltr'><strong>suspirare</strong></span> <span class='ocrx_word' id='word_1_117' title='bbox 1182 1142 1308 1186; x_wconf 78' lang='lat' dir='ltr'><strong>crevi,</strong></span> <span class='ocrx_word' id='word_1_118' title='bbox 1340 1151 1423 1194; x_wconf 85' lang='lat' dir='ltr'><strong>pro</strong></span> <span class='ocrx_word' id='word_1_119' title='bbox 1441 1136 1554 1179; x_wconf 78' lang='lat' dir='ltr'><strong>vidi.</strong></span> <span class='ocrx_word' id='word_1_120' title='bbox 1587 1139 1713 1181; x_wconf 81' lang='lat' dir='ltr'><strong>Plau-</strong></span> 
     </span>
     <span class='ocr_line' id='line_1_16' title="bbox 307 1193 1714 1248; baseline -0.002 -10"><span class='ocrx_word' id='word_1_121' title='bbox 307 1207 384 1240; x_wconf 78' lang='lat' dir='ltr'><strong>tus</strong></span> <span class='ocrx_word' id='word_1_122' title='bbox 407 1195 456 1237; x_wconf 89' lang='lat' dir='ltr'><strong>in</strong></span> <span class='ocrx_word' id='word_1_123' title='bbox 482 1193 755 1238; x_wconf 85' lang='lat' dir='ltr'><strong>Cistellaria:</strong></span> <span class='ocrx_word' id='word_1_124' title='bbox 791 1196 895 1235; x_wconf 83' lang='lat' dir='ltr'><strong>Cum</strong></span> <span class='ocrx_word' id='word_1_125' title='bbox 915 1209 989 1248; x_wconf 87' lang='lat' dir='ltr'><strong>ego</strong></span> <span class='ocrx_word' id='word_1_126' title='bbox 1022 1204 1062 1234; x_wconf 83' lang='lat' dir='ltr'><strong>te</strong></span> <span class='ocrx_word' id='word_1_127' title='bbox 1083 1198 1242 1242; x_wconf 75' lang='lat' dir='ltr'><strong>amavi,</strong></span> <span class='ocrx_word' id='word_1_128' title='bbox 1267 1211 1360 1234; x_wconf 86' lang='lat' dir='ltr'><strong>mea</strong></span> <span class='ocrx_word' id='word_1_129' title='bbox 1394 1196 1642 1248; x_wconf 74' lang='lat' dir='ltr'><strong>Antiphila,</strong></span> <span class='ocrx_word' id='word_1_130' title='bbox 1672 1205 1714 1235; x_wconf 81' lang='lat' dir='ltr'><strong>et</strong></span> 
     </span>
     <span class='ocr_line' id='line_1_17' title="bbox 311 1249 1712 1317; baseline -0.002 -22"><span class='ocrx_word' id='word_1_131' title='bbox 311 1255 422 1295; x_wconf 76' lang='lat' dir='ltr'><strong>mihi</strong></span> <span class='ocrx_word' id='word_1_132' title='bbox 441 1256 629 1293; x_wconf 80' lang='lat' dir='ltr'><strong>amicam</strong></span> <span class='ocrx_word' id='word_1_133' title='bbox 653 1267 739 1291; x_wconf 71' lang='lat' dir='ltr'><strong>esse</strong></span> <span class='ocrx_word' id='word_1_134' title='bbox 759 1255 885 1299; x_wconf 71' lang='lat' dir='ltr'><strong>crevi,</strong></span> <span class='ocrx_word' id='word_1_135' title='bbox 916 1249 1126 1293; x_wconf 82' lang='lat' dir='ltr'><strong>similiter</strong></span> <span class='ocrx_word' id='word_1_136' title='bbox 1147 1265 1230 1307; x_wconf 87' lang='lat' dir='ltr'><strong>pro</strong></span> <span class='ocrx_word' id='word_1_137' title='bbox 1252 1249 1363 1292; x_wconf 83' lang='lat' dir='ltr'><strong>vidi.</strong></span> <span class='ocrx_word' id='word_1_138' title='bbox 1407 1254 1578 1317; x_wconf 75' lang='lat' dir='ltr'><strong>sperno</strong></span> <span class='ocrx_word' id='word_1_139' title='bbox 1603 1259 1712 1308; x_wconf 84' lang='lat' dir='ltr'><strong>quo-</strong></span> 
     </span>
     <span class='ocr_line' id='line_1_18' title="bbox 311 1305 1712 1367; baseline -0.001 -15"><span class='ocrx_word' id='word_1_140' title='bbox 311 1324 402 1367; x_wconf 87' lang='lat' dir='ltr'><strong>que</strong></span> <span class='ocrx_word' id='word_1_141' title='bbox 425 1307 573 1365; x_wconf 81' lang='lat' dir='ltr'><strong>sprevi</strong></span> <span class='ocrx_word' id='word_1_142' title='bbox 594 1307 718 1354; x_wconf 80' lang='lat' dir='ltr'><strong>facit,</strong></span> <span class='ocrx_word' id='word_1_143' title='bbox 750 1319 796 1349; x_wconf 89' lang='lat' dir='ltr'><strong>et</strong></span> <span class='ocrx_word' id='word_1_144' title='bbox 814 1308 909 1349; x_wconf 89' lang='lat' dir='ltr'><strong>lino</strong></span> <span class='ocrx_word' id='word_1_145' title='bbox 929 1305 1028 1355; x_wconf 85' lang='lat' dir='ltr'><strong>livi,</strong></span> <span class='ocrx_word' id='word_1_146' title='bbox 1059 1308 1130 1349; x_wconf 85' lang='lat' dir='ltr'><strong>vel</strong></span> <span class='ocrx_word' id='word_1_147' title='bbox 1151 1307 1293 1364; x_wconf 74' lang='lat' dir='ltr'><strong>magis</strong></span> <span class='ocrx_word' id='word_1_148' title='bbox 1316 1306 1591 1350; x_wconf 80' lang='lat' dir='ltr'><strong>differentiae</strong></span> <span class='ocrx_word' id='word_1_149' title='bbox 1613 1320 1712 1350; x_wconf 81' lang='lat' dir='ltr'><strong>cau·</strong></span> 
     </span>
     <span class='ocr_line' id='line_1_19' title="bbox 309 1363 1715 1429; baseline -0.003 -20"><span class='ocrx_word' id='word_1_150' title='bbox 309 1382 360 1409; x_wconf 77' lang='lat' dir='ltr'><strong>sa</strong></span> <span class='ocrx_word' id='word_1_151' title='bbox 383 1367 438 1407; x_wconf 87' lang='lat' dir='ltr'><strong>ad</strong></span> <span class='ocrx_word' id='word_1_152' title='bbox 460 1379 631 1412; x_wconf 84' lang='lat' dir='ltr'><strong>nomen</strong></span> <span class='ocrx_word' id='word_1_153' title='bbox 654 1363 772 1413; x_wconf 87' lang='lat' dir='ltr'><strong>Livi,</strong></span> <span class='ocrx_word' id='word_1_154' title='bbox 802 1363 909 1412; x_wconf 88' lang='lat' dir='ltr'><strong>levi,</strong></span> <span class='ocrx_word' id='word_1_155' title='bbox 941 1365 1062 1419; x_wconf 89' lang='lat' dir='ltr'><strong>quod</strong></span> <span class='ocrx_word' id='word_1_156' title='bbox 1082 1378 1106 1405; x_wconf 87' lang='lat' dir='ltr'><strong>a</strong></span> <span class='ocrx_word' id='word_1_157' title='bbox 1129 1365 1200 1406; x_wconf 93' lang='lat' dir='ltr'><strong>leo</strong></span> <span class='ocrx_word' id='word_1_158' title='bbox 1222 1378 1403 1421; x_wconf 89' lang='lat' dir='ltr'><strong>quoque</strong></span> <span class='ocrx_word' id='word_1_159' title='bbox 1421 1363 1619 1429; x_wconf 72' lang='lat' dir='ltr'><strong>simplici</strong></span> <span class='ocrx_word' id='word_1_160' title='bbox 1638 1378 1715 1406; x_wconf 81' lang='lat' dir='ltr'><strong>na-</strong></span> 
     </span>
     <span class='ocr_line' id='line_1_20' title="bbox 311 1419 1712 1485; baseline -0.003 -20"><span class='ocrx_word' id='word_1_161' title='bbox 311 1421 466 1470; x_wconf 79' lang='lat' dir='ltr'><strong>scitur,</strong></span> <span class='ocrx_word' id='word_1_162' title='bbox 482 1419 641 1485; x_wconf 86' lang='lat' dir='ltr'><strong>qnod’</strong></span> <span class='ocrx_word' id='word_1_163' title='bbox 627 1423 689 1461; x_wconf 80' lang='grc'><strong>111</strong></span> <span class='ocrx_word' id='word_1_164' title='bbox 700 1435 786 1462; x_wconf 89' lang='lat' dir='ltr'><strong>usu</strong></span> <span class='ocrx_word' id='word_1_165' title='bbox 804 1433 898 1461; x_wconf 86' lang='lat' dir='ltr'><strong>non</strong></span> <span class='ocrx_word' id='word_1_166' title='bbox 920 1430 999 1461; x_wconf 77' lang='lat' dir='ltr'><strong>eet.</strong></span> <span class='ocrx_word' id='word_1_167' title='bbox 1031 1423 1097 1461; x_wconf 86' lang='lat' dir='ltr'><strong>Ex</strong></span> <span class='ocrx_word' id='word_1_168' title='bbox 1122 1434 1212 1475; x_wconf 88' lang='lat' dir='ltr'><strong>quo</strong></span> <span class='ocrx_word' id='word_1_169' title='bbox 1237 1421 1362 1462; x_wconf 87' lang='lat' dir='ltr'><strong>deleo</strong></span> <span class='ocrx_word' id='word_1_170' title='bbox 1385 1419 1547 1462; x_wconf 84' lang='lat' dir='ltr'><strong>delevi.</strong></span> <span class='ocrx_word' id='word_1_171' title='bbox 1580 1421 1712 1463; x_wconf 85' lang='lat' dir='ltr'><strong>Unde</strong></span> 
     </span>
     <span class='ocr_line' id='line_1_21' title="bbox 310 1471 1711 1532; baseline -0.001 -12"><span class='ocrx_word' id='word_1_172' title='bbox 310 1490 359 1521; x_wconf 77' lang='lat' dir='ltr'><strong>et</strong></span> <span class='ocrx_word' id='word_1_173' title='bbox 371 1480 520 1531; x_wconf 84' lang='lat' dir='ltr'><strong>letum</strong></span> <span class='ocrx_word' id='word_1_174' title='bbox 543 1475 739 1525; x_wconf 87' lang='lat' dir='ltr'><strong>dicitur,</strong></span> <span class='ocrx_word' id='word_1_175' title='bbox 746 1477 869 1532; x_wconf 88' lang='lat' dir='ltr'><strong>quod</strong></span> <span class='ocrx_word' id='word_1_176' title='bbox 890 1476 1006 1517; x_wconf 87' lang='lat' dir='ltr'><strong>delet</strong></span> <span class='ocrx_word' id='word_1_177' title='bbox 1023 1474 1176 1517; x_wconf 87' lang='lat' dir='ltr'><strong>vitam.</strong></span> <span class='ocrx_word' id='word_1_178' title='bbox 1236 1471 1495 1518; x_wconf 78' lang='lat' dir='ltr'><strong>Iuvenalis</strong></span> <span class='ocrx_word' id='word_1_179' title='bbox 1481 1490 1531 1518; x_wconf 89' lang='grc'><strong>111</strong></span> <span class='ocrx_word' id='word_1_180' title='bbox 1555 1476 1711 1519; x_wconf 88' lang='lat' dir='ltr'><strong>tertio·</strong></span> 
     </span>
     <span class='ocr_line' id='line_1_22' title="bbox 312 1531 1710 1598; baseline -0.001 -21"><span class='ocrx_word' id='word_1_181' title='bbox 312 1539 430 1578; x_wconf 80' lang='lat' dir='ltr'><strong>Nam</strong></span> <span class='ocrx_word' id='word_1_182' title='bbox 451 1538 556 1598; x_wconf 74' lang='lat' dir='ltr'><strong>quis</strong></span> <span class='ocrx_word' id='word_1_183' title='bbox 559 1535 688 1587; x_wconf 80' lang='lat' dir='ltr'><strong>plura</strong></span> <span class='ocrx_word' id='word_1_184' title='bbox 710 1536 816 1573; x_wconf 80' lang='lat' dir='ltr'><strong>linit</strong></span> <span class='ocrx_word' id='word_1_185' title='bbox 842 1536 1008 1573; x_wconf 65' lang='lat' dir='ltr'><strong>victuro</strong></span> <span class='ocrx_word' id='word_1_186' title='bbox 1031 1535 1148 1572; x_wconf 83' lang='lat' dir='ltr'><strong>dolia</strong></span> <span class='ocrx_word' id='word_1_187' title='bbox 1168 1543 1321 1573; x_wconf 70' lang='lat' dir='ltr'><strong>masto.</strong></span> <span class='ocrx_word' id='word_1_188' title='bbox 1318 1535 1337 1564; x_wconf 71' lang='grc'><em>7</em></span> <span class='ocrx_word' id='word_1_189' title='bbox 1393 1533 1635 1575; x_wconf 72' lang='lat' dir='ltr'><strong>Terentius</strong></span> <span class='ocrx_word' id='word_1_190' title='bbox 1658 1531 1710 1575; x_wconf 84' lang='lat' dir='ltr'><strong>in</strong></span> 
     </span>
     <span class='ocr_line' id='line_1_23' title="bbox 311 1589 1709 1638; baseline -0.003 -3"><span class='ocrx_word' id='word_1_191' title='bbox 311 1589 852 1635; x_wconf 82' lang='lat' dir='ltr'><strong>Heautontimorumeno:</strong></span> <span class='ocrx_word' id='word_1_192' title='bbox 883 1591 1027 1630; x_wconf 75' lang='lat' dir='ltr'><strong>Relevi</strong></span> <span class='ocrx_word' id='word_1_193' title='bbox 1057 1591 1178 1629; x_wconf 86' lang='lat' dir='ltr'><strong>dolia</strong></span> <span class='ocrx_word' id='word_1_194' title='bbox 1207 1595 1372 1638; x_wconf 80' lang='lat' dir='ltr'><strong>omnia,</strong></span> <span class='ocrx_word' id='word_1_195' title='bbox 1398 1604 1537 1630; x_wconf 68' lang='lat' dir='ltr'><strong>omnes</strong></span> <span class='ocrx_word' id='word_1_196' title='bbox 1562 1594 1709 1631; x_wconf 62' lang='lat' dir='ltr'><strong>seriae.</strong></span> 
     </span>
     <span class='ocr_line' id='line_1_24' title="bbox 238 1644 1713 1710; baseline -0.003 -17"><span class='ocrx_word' id='word_1_197' title='bbox 238 1665 286 1702; x_wconf 80' lang='lat'><strong>39</strong></span> <span class='ocrx_word' id='word_1_198' title='bbox 310 1644 614 1693; x_wconf 72' lang='lat' dir='ltr'><strong>Vetustissimi</strong></span> <span class='ocrx_word' id='word_1_199' title='bbox 645 1655 800 1688; x_wconf 79' lang='lat' dir='ltr'><strong>tamen</strong></span> <span class='ocrx_word' id='word_1_200' title='bbox 831 1644 967 1686; x_wconf 86' lang='lat' dir='ltr'><strong>etiam</strong></span> <span class='ocrx_word' id='word_1_201' title='bbox 1008 1645 1093 1686; x_wconf 89' lang='lat' dir='ltr'><strong>lini</strong></span> <span class='ocrx_word' id='word_1_202' title='bbox 1119 1644 1167 1686; x_wconf 89' lang='lat' dir='ltr'><strong>in</strong></span> <span class='ocrx_word' id='word_1_203' title='bbox 1201 1644 1453 1710; x_wconf 83' lang='lat' dir='ltr'><strong>praeterito</strong></span> <span class='ocrx_word' id='word_1_204' title='bbox 1470 1646 1713 1702; x_wconf 74' lang='lat' dir='ltr'><strong>protulisse</strong></span> 
     </span>
     <span class='ocr_line' id='line_1_25' title="bbox 307 1701 1710 1747; baseline -0.004 0"><span class='ocrx_word' id='word_1_205' title='bbox 307 1703 619 1747; x_wconf 83' lang='lat' dir='ltr'><strong>inveniuntur.</strong></span> <span class='ocrx_word' id='word_1_206' title='bbox 682 1705 743 1745; x_wconf 87' lang='lat' dir='ltr'><strong>Ut</strong></span> <span class='ocrx_word' id='word_1_207' title='bbox 766 1705 900 1744; x_wconf 87' lang='lat' dir='ltr'><strong>Varro</strong></span> <span class='ocrx_word' id='word_1_208' title='bbox 932 1705 1098 1744; x_wconf 89' lang='lat' dir='ltr'><strong>Rerum</strong></span> <span class='ocrx_word' id='word_1_209' title='bbox 1127 1701 1436 1744; x_wconf 86' lang='lat' dir='ltr'><strong>Rusticarum·</strong></span> <span class='ocrx_word' id='word_1_210' title='bbox 1471 1703 1576 1743; x_wconf 80' lang='lat' dir='ltr'><strong>Cum</strong></span> <span class='ocrx_word' id='word_1_211' title='bbox 1603 1704 1710 1743; x_wconf 80' lang='lat' dir='ltr'><strong>obli-</strong></span> 
     </span>
     <span class='ocr_line' id='line_1_26' title="bbox 308 1757 1711 1824; baseline -0.002 -21"><span class='ocrx_word' id='word_1_212' title='bbox 308 1771 471 1803; x_wconf 82' lang='lat' dir='ltr'><strong>nerunt</strong></span> <span class='ocrx_word' id='word_1_213' title='bbox 474 1775 598 1805; x_wconf 65' lang='lat' dir='ltr'><strong>vasa.</strong></span> <span class='ocrx_word' id='word_1_214' title='bbox 649 1757 817 1815; x_wconf 85' lang='lat' dir='ltr'><strong>Supina</strong></span> <span class='ocrx_word' id='word_1_215' title='bbox 839 1757 889 1799; x_wconf 88' lang='lat' dir='ltr'><strong>in</strong></span> <span class='ocrx_word' id='word_1_216' title='bbox 910 1757 959 1799; x_wconf 89' lang='lat' dir='ltr'><strong>ui</strong></span> <span class='ocrx_word' id='word_1_217' title='bbox 981 1757 1160 1824; x_wconf 89' lang='lat' dir='ltr'><strong>quidem</strong></span> <span class='ocrx_word' id='word_1_218' title='bbox 1180 1757 1276 1799; x_wconf 81' lang='lat' dir='ltr'><strong>div</strong></span> <span class='ocrx_word' id='word_1_219' title='bbox 1263 1773 1348 1800; x_wconf 79' lang='lat' dir='ltr'><strong>lsas</strong></span> <span class='ocrx_word' id='word_1_220' title='bbox 1372 1758 1711 1800; x_wconf 86' lang='lat' dir='ltr'><strong>terminantium</strong></span> 
     </span>
     <span class='ocr_line' id='line_1_27' title="bbox 308 1815 1712 1880; baseline -0.003 -19"><span class='ocrx_word' id='word_1_221' title='bbox 308 1815 602 1873; x_wconf 80' lang='lat' dir='ltr'><strong>praeteritum</strong></span> <span class='ocrx_word' id='word_1_222' title='bbox 623 1817 847 1856; x_wconf 82' lang='lat' dir='ltr'><strong>subtracta</strong></span> <span class='ocrx_word' id='word_1_223' title='bbox 871 1829 903 1855; x_wconf 91' lang='lat' dir='ltr'><strong>u</strong></span> <span class='ocrx_word' id='word_1_224' title='bbox 923 1825 967 1856; x_wconf 82' lang='lat' dir='ltr'><strong>et</strong></span> <span class='ocrx_word' id='word_1_225' title='bbox 988 1815 1140 1856; x_wconf 85' lang='lat' dir='ltr'><strong>addita</strong></span> <span class='ocrx_word' id='word_1_226' title='bbox 1161 1826 1259 1856; x_wconf 90' lang='lat' dir='ltr'><strong>tum</strong></span> <span class='ocrx_word' id='word_1_227' title='bbox 1279 1816 1584 1880; x_wconf 87' lang='lat' dir='ltr'><strong>proferuntur,</strong></span> <span class='ocrx_word' id='word_1_228' title='bbox 1616 1829 1712 1859; x_wconf 81' lang='lat' dir='ltr'><strong>cor·</strong></span> 
     </span>
     <span class='ocr_line' id='line_1_28' title="bbox 308 1870 1714 1938; baseline -0.003 -21"><span class='ocrx_word' id='word_1_229' title='bbox 308 1885 433 1930; x_wconf 85' lang='lat' dir='ltr'><strong>repta</strong></span> <span class='ocrx_word' id='word_1_230' title='bbox 453 1883 603 1914; x_wconf 88' lang='lat' dir='ltr'><strong>tamen</strong></span> <span class='ocrx_word' id='word_1_231' title='bbox 634 1870 911 1928; x_wconf 87' lang='lat' dir='ltr'><strong>penultima,</strong></span> <span class='ocrx_word' id='word_1_232' title='bbox 943 1881 994 1912; x_wconf 89' lang='lat' dir='ltr'><strong>ut</strong></span> <span class='ocrx_word' id='word_1_233' title='bbox 1013 1870 1145 1936; x_wconf 86' lang='lat' dir='ltr'><strong>posui</strong></span> <span class='ocrx_word' id='word_1_234' title='bbox 1164 1871 1390 1937; x_wconf 66' lang='lat' dir='ltr'><strong>positum,</strong></span> <span class='ocrx_word' id='word_1_235' title='bbox 1421 1870 1556 1929; x_wconf 87' lang='lat' dir='ltr'><strong>genui</strong></span> <span class='ocrx_word' id='word_1_236' title='bbox 1569 1871 1714 1938; x_wconf 89' lang='lat' dir='ltr'><strong>geni-</strong></span> 
     </span>
     <span class='ocr_line' id='line_1_29' title="bbox 308 1927 1714 1984; baseline -0.002 -11"><span class='ocrx_word' id='word_1_237' title='bbox 308 1942 424 1977; x_wconf 85' lang='lat' dir='ltr'><strong>tum.</strong></span> <span class='ocrx_word' id='word_1_238' title='bbox 458 1933 517 1971; x_wconf 98' lang='lat' dir='ltr'>A</span> <span class='ocrx_word' id='word_1_239' title='bbox 539 1941 651 1970; x_wconf 88' lang='lat' dir='ltr'><strong>cano</strong></span> <span class='ocrx_word' id='word_1_240' title='bbox 672 1940 822 1970; x_wconf 91' lang='lat' dir='ltr'><strong>tamen</strong></span> <span class='ocrx_word' id='word_1_241' title='bbox 855 1928 1103 1984; x_wconf 87' lang='lat' dir='ltr'><strong>composita</strong></span> <span class='ocrx_word' id='word_1_242' title='bbox 1123 1927 1344 1983; x_wconf 87' lang='lat' dir='ltr'><strong>primitivi</strong></span> <span class='ocrx_word' id='word_1_243' title='bbox 1365 1938 1544 1970; x_wconf 77' lang='lat' dir='ltr'><strong>servant</strong></span> <span class='ocrx_word' id='word_1_244' title='bbox 1564 1927 1615 1969; x_wconf 91' lang='lat' dir='ltr'><strong>in</strong></span> <span class='ocrx_word' id='word_1_245' title='bbox 1632 1934 1714 1970; x_wconf 78' lang='lat' dir='ltr'><strong>su-</strong></span> 
     </span>
     <span class='ocr_line' id='line_1_30' title="bbox 306 1982 1711 2049; baseline -0.001 -22"><span class='ocrx_word' id='word_1_246' title='bbox 306 1986 417 2044; x_wconf 80' lang='lat' dir='ltr'><strong>pino</strong></span> <span class='ocrx_word' id='word_1_247' title='bbox 453 1983 840 2049; x_wconf 80' lang='lat' dir='ltr'><strong>terminationem.</strong></span> <span class='ocrx_word' id='word_1_248' title='bbox 873 1995 1055 2025; x_wconf 88' lang='lat' dir='ltr'><strong>cantum</strong></span> <span class='ocrx_word' id='word_1_249' title='bbox 1085 1984 1207 2025; x_wconf 89' lang='lat' dir='ltr'><strong>enim</strong></span> <span class='ocrx_word' id='word_1_250' title='bbox 1234 1995 1278 2026; x_wconf 88' lang='lat' dir='ltr'><strong>et</strong></span> <span class='ocrx_word' id='word_1_251' title='bbox 1308 1994 1572 2027; x_wconf 86' lang='lat' dir='ltr'><strong>succentum</strong></span> <span class='ocrx_word' id='word_1_252' title='bbox 1593 1982 1711 2028; x_wconf 84' lang='lat' dir='ltr'><strong>dici-</strong></span> 
     </span>
     <span class='ocr_line' id='line_1_31' title="bbox 306 2039 1709 2106; baseline -0.003 -20"><span class='ocrx_word' id='word_1_253' title='bbox 306 2057 435 2091; x_wconf 78' lang='lat' dir='ltr'><strong>mue,</strong></span> <span class='ocrx_word' id='word_1_254' title='bbox 441 2039 669 2106; x_wconf 62' lang='lat' dir='ltr'><strong>quamvis</strong></span> <span class='ocrx_word' id='word_1_255' title='bbox 701 2040 750 2081; x_wconf 89' lang='lat' dir='ltr'><strong>in</strong></span> <span class='ocrx_word' id='word_1_256' title='bbox 773 2039 880 2104; x_wconf 87' lang='lat' dir='ltr'><strong>ipso</strong></span> <span class='ocrx_word' id='word_1_257' title='bbox 903 2042 1052 2082; x_wconf 88' lang='lat' dir='ltr'><strong>verbo</strong></span> <span class='ocrx_word' id='word_1_258' title='bbox 1088 2054 1111 2081; x_wconf 88' lang='lat' dir='ltr'><strong>a</strong></span> <span class='ocrx_word' id='word_1_259' title='bbox 1146 2039 1195 2080; x_wconf 89' lang='lat' dir='ltr'><strong>in</strong></span> <span class='ocrx_word' id='word_1_260' title='bbox 1228 2039 1244 2081; x_wconf 91' lang='lat' dir='ltr'><strong>i</strong></span> <span class='ocrx_word' id='word_1_261' title='bbox 1273 2050 1546 2081; x_wconf 88' lang='lat' dir='ltr'><strong>convertunt</strong></span> <span class='ocrx_word' id='word_1_262' title='bbox 1579 2055 1633 2082; x_wconf 85' lang='lat' dir='ltr'><strong>ex</strong></span> <span class='ocrx_word' id='word_1_263' title='bbox 1657 2054 1709 2083; x_wconf 86' lang='lat' dir='ltr'><strong>eo</strong></span> 
     </span>
     <span class='ocr_line' id='line_1_32' title="bbox 304 2094 1712 2163; baseline -0.003 -21"><span class='ocrx_word' id='word_1_264' title='bbox 304 2097 577 2163; x_wconf 67' lang='lat' dir='ltr'><strong>composita.</strong></span> <span class='ocrx_word' id='word_1_265' title='bbox 627 2098 739 2139; x_wconf 86' lang='lat' dir='ltr'><strong>Sed</strong></span> <span class='ocrx_word' id='word_1_266' title='bbox 769 2095 819 2137; x_wconf 92' lang='lat' dir='ltr'><strong>in</strong></span> <span class='ocrx_word' id='word_1_267' title='bbox 847 2096 1013 2162; x_wconf 89' lang='lat' dir='ltr'><strong>supino</strong></span> <span class='ocrx_word' id='word_1_268' title='bbox 1043 2094 1211 2138; x_wconf 83' lang='lat' dir='ltr'><strong>iterum</strong></span> <span class='ocrx_word' id='word_1_269' title='bbox 1242 2095 1258 2137; x_wconf 89' lang='lat' dir='ltr'><strong>i</strong></span> <span class='ocrx_word' id='word_1_270' title='bbox 1288 2095 1338 2137; x_wconf 91' lang='lat' dir='ltr'><strong>in</strong></span> <span class='ocrx_word' id='word_1_271' title='bbox 1369 2111 1393 2138; x_wconf 92' lang='lat' dir='ltr'><strong>e</strong></span> <span class='ocrx_word' id='word_1_272' title='bbox 1423 2096 1712 2149; x_wconf 79' lang='lat' dir='ltr'><strong>transferunt,</strong></span> 
     </span>
     <span class='ocr_line' id='line_1_33' title="bbox 307 2153 1708 2219; baseline -0.002 -21"><span class='ocrx_word' id='word_1_273' title='bbox 307 2168 496 2219; x_wconf 73' lang='lat' dir='ltr'><strong>succino</strong></span> <span class='ocrx_word' id='word_1_274' title='bbox 535 2164 825 2202; x_wconf 82' lang='lat' dir='ltr'><strong>succentum,</strong></span> <span class='ocrx_word' id='word_1_275' title='bbox 871 2153 1031 2195; x_wconf 89' lang='lat' dir='ltr'><strong>occino</strong></span> <span class='ocrx_word' id='word_1_276' title='bbox 1073 2164 1326 2195; x_wconf 87' lang='lat' dir='ltr'><strong>occentum.</strong></span> <span class='ocrx_word' id='word_1_277' title='bbox 1395 2154 1572 2195; x_wconf 84' lang='lat' dir='ltr'><strong>Temno</strong></span> <span class='ocrx_word' id='word_1_278' title='bbox 1600 2165 1708 2195; x_wconf 80' lang='lat' dir='ltr'><strong>vero</strong></span> 
     </span>
     <span class='ocr_line' id='line_1_34' title="bbox 307 2207 1712 2275; baseline -0.003 -21"><span class='ocrx_word' id='word_1_279' title='bbox 307 2210 474 2268; x_wconf 74' lang='lat' dir='ltr'><strong>tempsi</strong></span> <span class='ocrx_word' id='word_1_280' title='bbox 494 2221 718 2275; x_wconf 88' lang='lat' dir='ltr'><strong>temptum</strong></span> <span class='ocrx_word' id='word_1_281' title='bbox 748 2208 879 2262; x_wconf 82' lang='lat' dir='ltr'><strong>facit,</strong></span> <span class='ocrx_word' id='word_1_282' title='bbox 910 2209 1028 2252; x_wconf 85' lang='lat' dir='ltr'><strong>sicut</strong></span> <span class='ocrx_word' id='word_1_283' title='bbox 1052 2209 1203 2251; x_wconf 87' lang='lat' dir='ltr'><strong>omnia</strong></span> <span class='ocrx_word' id='word_1_284' title='bbox 1224 2210 1272 2251; x_wconf 90' lang='lat' dir='ltr'><strong>in</strong></span> <span class='ocrx_word' id='word_1_285' title='bbox 1301 2207 1373 2274; x_wconf 85' lang='lat' dir='ltr'><strong>psi</strong></span> <span class='ocrx_word' id='word_1_286' title='bbox 1391 2223 1478 2274; x_wconf 86' lang='lat' dir='ltr'><strong>per</strong></span> <span class='ocrx_word' id='word_1_287' title='bbox 1491 2207 1712 2266; x_wconf 82' lang='lat' dir='ltr'><strong>praeteri-</strong></span> 
     </span>
     <span class='ocr_line' id='line_1_35' title="bbox 305 2264 1712 2319; baseline -0.002 -9"><span class='ocrx_word' id='word_1_288' title='bbox 305 2279 407 2310; x_wconf 88' lang='lat' dir='ltr'><strong>tum</strong></span> <span class='ocrx_word' id='word_1_289' title='bbox 429 2265 649 2311; x_wconf 88' lang='lat' dir='ltr'><strong>exeuntia.</strong></span> <span class='ocrx_word' id='word_1_290' title='bbox 706 2269 757 2308; x_wconf 91' lang='lat' dir='ltr'><strong>In</strong></span> <span class='ocrx_word' id='word_1_291' title='bbox 794 2265 844 2306; x_wconf 86' lang='lat' dir='ltr'><strong>vi</strong></span> <span class='ocrx_word' id='word_1_292' title='bbox 872 2281 979 2307; x_wconf 86' lang='lat' dir='ltr'><strong>vero</strong></span> <span class='ocrx_word' id='word_1_293' title='bbox 1009 2267 1222 2319; x_wconf 78' lang='lat' dir='ltr'><strong>syllabam</strong></span> <span class='ocrx_word' id='word_1_294' title='bbox 1254 2264 1506 2307; x_wconf 87' lang='lat' dir='ltr'><strong>desinentia</strong></span> <span class='ocrx_word' id='word_1_295' title='bbox 1536 2275 1712 2307; x_wconf 79' lang='lat' dir='ltr'><strong>mutant</strong></span> 
     </span>
     <span class='ocr_line' id='line_1_36' title="bbox 308 2320 1744 2379; baseline -0.003 -11"><span class='ocrx_word' id='word_1_296' title='bbox 308 2331 405 2379; x_wconf 80' lang='lat' dir='ltr'><strong>eam</strong></span> <span class='ocrx_word' id='word_1_297' title='bbox 429 2323 479 2365; x_wconf 91' lang='lat' dir='ltr'><strong>in</strong></span> <span class='ocrx_word' id='word_1_298' title='bbox 504 2335 603 2365; x_wconf 90' lang='lat' dir='ltr'><strong>tum</strong></span> <span class='ocrx_word' id='word_1_299' title='bbox 634 2323 882 2366; x_wconf 82' lang='lat' dir='ltr'><strong>secundum</strong></span> <span class='ocrx_word' id='word_1_300' title='bbox 911 2321 1189 2379; x_wconf 86' lang='lat' dir='ltr'><strong>praedictam</strong></span> <span class='ocrx_word' id='word_1_301' title='bbox 1209 2323 1429 2378; x_wconf 84' lang='lat' dir='ltr'><strong>regulam,</strong></span> <span class='ocrx_word' id='word_1_302' title='bbox 1457 2330 1509 2363; x_wconf 85' lang='lat' dir='ltr'><strong>ut</strong></span> <span class='ocrx_word' id='word_1_303' title='bbox 1534 2321 1622 2364; x_wconf 76' lang='lat' dir='ltr'><strong>sivi</strong></span> <span class='ocrx_word' id='word_1_304' title='bbox 1639 2320 1709 2363; x_wconf 79' lang='lat' dir='ltr'><strong>si-</strong></span> <span class='ocrx_word' id='word_1_305' title='bbox 1742 2332 1744 2334; x_wconf 77' lang='grc'>’</span> 
     </span>
    </p>
   </div>
   <div class='ocr_carea' id='block_1_3' title="bbox 304 2439 586 2456">
    <p class='ocr_par' dir='ltr' id='par_1_3' title="bbox 304 2439 586 2456">
     <span class='ocr_line' id='line_1_37' title="bbox 304 2439 586 2456; baseline -0.014 0"><span class='ocrx_word' id='word_1_306' title='bbox 304 2439 586 2456; x_wconf 46' lang='lat' dir='ltr'><strong>m</strong></span> 
     </span>
    </p>
   </div>
   <div class='ocr_carea' id='block_1_4' title="bbox 316 2513 1748 2839">
    <p class='ocr_par' dir='ltr' id='par_1_4' title="bbox 316 2513 1748 2839">
     <span class='ocr_line' id='line_1_38' title="bbox 345 2513 1748 2569; baseline -0.001 -20"><span class='ocrx_word' id='word_1_307' title='bbox 345 2513 499 2562; x_wconf 75' lang='lat' dir='ltr'><strong>puellas</strong></span> <span class='ocrx_word' id='word_1_308' title='bbox 515 2513 585 2549; x_wconf 73' lang='lat' dir='ltr'><strong>has</strong></span> <span class='ocrx_word' id='word_1_309' title='bbox 605 2513 954 2550; x_wconf 76' lang='lat' dir='ltr'><strong>nocte.Nonnu111</strong></span> <span class='ocrx_word' id='word_1_310' title='bbox 973 2514 1091 2550; x_wconf 90' lang='lat' dir='ltr'><strong>Codd.</strong></span> <span class='ocrx_word' id='word_1_311' title='bbox 1111 2514 1193 2559; x_wconf 80' lang='lat' dir='ltr'><strong>hac,</strong></span> <span class='ocrx_word' id='word_1_312' title='bbox 1226 2513 1329 2569; x_wconf 74' lang='lat' dir='ltr'><strong>quod</strong></span> <span class='ocrx_word' id='word_1_313' title='bbox 1347 2513 1748 2560; x_wconf 85' lang='lat' dir='ltr'><strong>placet..</strong></span> 
     </span>
     <span class='ocr_line' id='line_1_39' title="bbox 316 2549 1709 2607; baseline 0.001 -13"><span class='ocrx_word' id='word_1_314' title='bbox 316 2604 319 2607; x_wconf 29' lang='grc' dir='ltr'>Ι</span> <span class='ocrx_word' id='word_1_315' title='bbox 349 2559 483 2596; x_wconf 63' lang='grc' dir='ltr'>Ιιιναη.</span> <span class='ocrx_word' id='word_1_316' title='bbox 503 2561 545 2594; x_wconf 82' lang='lat' dir='ltr'><strong>in</strong></span> <span class='ocrx_word' id='word_1_317' title='bbox 566 2563 645 2595; x_wconf 91' lang='lat' dir='ltr'><strong>III</strong></span> <span class='ocrx_word' id='word_1_318' title='bbox 669 2562 743 2595; x_wconf 80' lang='lat' dir='ltr'><strong>Sat.</strong></span> <span class='ocrx_word' id='word_1_319' title='bbox 767 2562 834 2596; x_wconf 88' lang='lat' dir='ltr'><strong>IX.</strong></span> <span class='ocrx_word' id='word_1_320' title='bbox 858 2573 911 2596; x_wconf 84' lang='lat' dir='ltr'><strong>vs.</strong></span> <span class='ocrx_word' id='word_1_321' title='bbox 933 2566 990 2605; x_wconf 86' lang='lat'><strong>58.</strong></span> <span class='ocrx_word' id='word_1_322' title='bbox 1046 2563 1293 2596; x_wconf 78' lang='lat' dir='ltr'><strong>Terentiusin</strong></span> <span class='ocrx_word' id='word_1_323' title='bbox 1310 2563 1451 2596; x_wconf 79' lang='lat' dir='ltr'><strong>Heaut.</strong></span> <span class='ocrx_word' id='word_1_324' title='bbox 1475 2571 1509 2595; x_wconf 80' lang='lat' dir='ltr'><strong>v.</strong></span> <span class='ocrx_word' id='word_1_325' title='bbox 1530 2549 1616 2597; x_wconf 67' lang='lat' dir='ltr'><strong>Iud.</strong></span> <span class='ocrx_word' id='word_1_326' title='bbox 1642 2560 1709 2607; x_wconf 72' lang='lat' dir='ltr'><strong>do-</strong></span> 
     </span>
     <span class='ocr_line' id='line_1_40' title="bbox 398 2599 1308 2652; baseline 0.002 -13"><span class='ocrx_word' id='word_1_327' title='bbox 398 2599 454 2640; x_wconf 72' lang='lat' dir='ltr'><strong>lia</strong></span> <span class='ocrx_word' id='word_1_328' title='bbox 471 2607 596 2640; x_wconf 81' lang='lat' dir='ltr'><strong>omnia</strong></span> <span class='ocrx_word' id='word_1_329' title='bbox 615 2618 690 2642; x_wconf 86' lang='lat' dir='ltr'><strong>sec.</strong></span> <span class='ocrx_word' id='word_1_330' title='bbox 714 2607 832 2642; x_wconf 88' lang='lat' dir='ltr'><strong>Codd.</strong></span> <span class='ocrx_word' id='word_1_331' title='bbox 855 2607 943 2642; x_wconf 89' lang='lat' dir='ltr'><strong>dedi</strong></span> <span class='ocrx_word' id='word_1_332' title='bbox 963 2619 1032 2652; x_wconf 87' lang='lat' dir='ltr'><strong>pro</strong></span> <span class='ocrx_word' id='word_1_333' title='bbox 1054 2609 1177 2641; x_wconf 84' lang='lat' dir='ltr'><strong>omnia</strong></span> <span class='ocrx_word' id='word_1_334' title='bbox 1197 2608 1308 2646; x_wconf 78' lang='lat' dir='ltr'><strong>dolia</strong></span> 
     </span>
     <span class='ocr_line' id='line_1_41' title="bbox 333 2651 1244 2699; baseline 0.001 -15"><span class='ocrx_word' id='word_1_335' title='bbox 333 2651 387 2697; x_wconf 72' lang='lat'><strong>·.§</strong></span> <span class='ocrx_word' id='word_1_336' title='bbox 407 2662 464 2698; x_wconf 77' lang='lat'><strong>39.</strong></span> <span class='ocrx_word' id='word_1_337' title='bbox 491 2651 704 2687; x_wconf 77' lang='lat' dir='ltr'><strong>oblinet-unt</strong></span> <span class='ocrx_word' id='word_1_338' title='bbox 718 2666 824 2688; x_wconf 76' lang='lat' dir='ltr'><em>vasa.</em></span> <span class='ocrx_word' id='word_1_339' title='bbox 850 2654 953 2699; x_wconf 83' lang='lat' dir='ltr'><strong>Lips.</strong></span> <span class='ocrx_word' id='word_1_340' title='bbox 976 2667 1006 2688; x_wconf 88' lang='lat'><strong>2.</strong></span> <span class='ocrx_word' id='word_1_341' title='bbox 1033 2653 1244 2687; x_wconf 86' lang='lat' dir='ltr'><strong>oblinerint.</strong></span> 
     </span>
     <span class='ocr_line' id='line_1_42' title="bbox 346 2698 1435 2744; baseline 0 -12"><span class='ocrx_word' id='word_1_342' title='bbox 346 2702 523 2743; x_wconf 64' lang='lat' dir='ltr'><strong>correpta</strong></span> <span class='ocrx_word' id='word_1_343' title='bbox 539 2701 663 2732; x_wconf 75' lang='lat' dir='ltr'><strong>tamen</strong></span> <span class='ocrx_word' id='word_1_344' title='bbox 678 2699 898 2744; x_wconf 83' lang='lat' dir='ltr'><strong>penultima.</strong></span> <span class='ocrx_word' id='word_1_345' title='bbox 947 2699 1096 2734; x_wconf 82' lang='lat' dir='ltr'><strong>Inserui</strong></span> <span class='ocrx_word' id='word_1_346' title='bbox 1115 2710 1138 2732; x_wconf 89' lang='lat' dir='ltr'><strong>e</strong></span> <span class='ocrx_word' id='word_1_347' title='bbox 1159 2698 1276 2733; x_wconf 86' lang='lat' dir='ltr'><strong>Codd.</strong></span> <span class='ocrx_word' id='word_1_348' title='bbox 1299 2705 1435 2733; x_wconf 82' lang='lat' dir='ltr'><strong>tamen.</strong></span> 
     </span>
     <span class='ocr_line' id='line_1_43' title="bbox 352 2741 1566 2790; baseline -0.001 -11"><span class='ocrx_word' id='word_1_349' title='bbox 352 2741 457 2790; x_wconf 72' lang='lat' dir='ltr'><strong>Vir-g.</strong></span> <span class='ocrx_word' id='word_1_350' title='bbox 473 2744 514 2776; x_wconf 84' lang='lat' dir='ltr'><strong>in</strong></span> <span class='ocrx_word' id='word_1_351' title='bbox 532 2745 602 2778; x_wconf 83' lang='lat' dir='ltr'><strong>IV.</strong></span> <span class='ocrx_word' id='word_1_352' title='bbox 623 2756 658 2779; x_wconf 84' lang='lat' dir='ltr'><strong>v.</strong></span> <span class='ocrx_word' id='word_1_353' title='bbox 675 2744 760 2779; x_wconf 84' lang='lat' dir='ltr'><strong>Ind.</strong></span> <span class='ocrx_word' id='word_1_354' title='bbox 811 2746 1002 2780; x_wconf 75' lang='lat' dir='ltr'><strong>Salustius</strong></span> <span class='ocrx_word' id='word_1_355' title='bbox 1021 2747 1062 2780; x_wconf 87' lang='lat' dir='ltr'><strong>in</strong></span> <span class='ocrx_word' id='word_1_356' title='bbox 1081 2746 1288 2790; x_wconf 79' lang='lat' dir='ltr'><strong>Jugurtino.</strong></span> <span class='ocrx_word' id='word_1_357' title='bbox 1317 2746 1407 2789; x_wconf 86' lang='lat' dir='ltr'><strong>Cap.</strong></span> <span class='ocrx_word' id='word_1_358' title='bbox 1435 2755 1512 2780; x_wconf 83' lang='lat'><strong>101.</strong></span> <span class='ocrx_word' id='word_1_359' title='bbox 1532 2743 1566 2778; x_wconf 81' lang='lat'><strong>6.</strong></span> 
     </span>
     <span class='ocr_line' id='line_1_44' title="bbox 348 2789 1707 2839; baseline -0.001 -14"><span class='ocrx_word' id='word_1_360' title='bbox 348 2789 386 2837; x_wconf 76' lang='lat'><strong>§-</strong></span> <span class='ocrx_word' id='word_1_361' title='bbox 407 2800 468 2836; x_wconf 71' lang='lat'><strong>40·</strong></span> <span class='ocrx_word' id='word_1_362' title='bbox 493 2789 570 2825; x_wconf 79' lang='lat' dir='ltr'><strong>Cic.</strong></span> <span class='ocrx_word' id='word_1_363' title='bbox 557 2802 654 2839; x_wconf 79' lang='lat' dir='ltr'><strong>.pr0</strong></span> <span class='ocrx_word' id='word_1_364' title='bbox 675 2793 781 2828; x_wconf 84' lang='lat' dir='ltr'><strong>Gom.</strong></span> <span class='ocrx_word' id='word_1_365' title='bbox 806 2802 840 2827; x_wconf 82' lang='lat' dir='ltr'><strong>v.</strong></span> <span class='ocrx_word' id='word_1_366' title='bbox 861 2791 944 2828; x_wconf 84' lang='lat' dir='ltr'><strong>Iud.</strong></span> <span class='ocrx_word' id='word_1_367' title='bbox 999 2793 1103 2838; x_wconf 78' lang='lat' dir='ltr'><strong>Virg.</strong></span> <span class='ocrx_word' id='word_1_368' title='bbox 1131 2792 1174 2826; x_wconf 81' lang='lat' dir='ltr'><strong>in</strong></span> <span class='ocrx_word' id='word_1_369' title='bbox 1204 2792 1315 2829; x_wconf 85' lang='lat' dir='ltr'><em>VIII.</em></span> <span class='ocrx_word' id='word_1_370' title='bbox 1340 2802 1393 2825; x_wconf 83' lang='lat' dir='ltr'><strong>vs.</strong></span> <span class='ocrx_word' id='word_1_371' title='bbox 1414 2790 1495 2835; x_wconf 84' lang='grc'>560.</span> <span class='ocrx_word' id='word_1_372' title='bbox 1543 2789 1647 2825; x_wconf 76' lang='lat' dir='ltr'><strong>Idem</strong></span> <span class='ocrx_word' id='word_1_373' title='bbox 1664 2789 1707 2824; x_wconf 77' lang='lat' dir='ltr'><strong>in</strong></span> 
     </span>
    </p>
   </div>
  </div>
 </body>
</html>
