1748 3112
211 468 255 493 22

282 226 365 270 254
698 230 827 272 LIB.
857 229 959 270 1v.⁴
997 226 1138 271 CAP.
1169 230 1253 275 lVa
1486 246 1503 267 x

279 330 485 390 metimus,
529 338 762 391 Ardeatis,
809 343 1008 384 Rutulae.
1096 341 1296 385 Ardeatis
1335 341 1564 412 dixitsppro
1595 317 1664 393 eo,

280 399 404 455 quod
422 412 545 439 nunc
575 397 769 441 dicimus
790 399 964 455 Ardeae.
1023 397 1260 449 Titinnius
1282 398 1330 440 in
1348 400 1553 451 Palmae
1589 402 1673 441 Fer

280 459 507 496 rentinatis
531 458 714 509 populus
750 457 911 496 Graeca
941 457 1096 504 studet,
1129 470 1209 512 pro
1232 455 1498 502 Ferentinae.
1557 459 1664 508 Non

217 519 219 521 ’
279 523 347 555 est
366 510 505 569 igitur
528 510 729 560 dubium,
762 513 897 570 quod,
927 521 1031 555 cum
1042 511 1092 555 in
1117 512 1346 562 omnibus,
1366 514 1667 579 quaepen'uk

277 567 437 611 timam
474 571 636 610 habent
666 570 1016 618 circumflexam,
1076 569 1116 611 si
1152 569 1380 625 patiantur
1409 575 1668 626 syncopam.

278 626 471 668 eundem
493 627 719 667 servamus
749 637 984 668 accentum
1010 626 1059 667 in
1081 627 1260 674 ultima,
1291 638 1343 668 ut
1369 624 1562 668 fumavit
1593 626 1667 668 fu-

278 691 383 729 mat,
417 681 596 746 cupivit
620 681 756 738 cupit,
797 682 971 725 audivit
1000 683 1135 731 audit,
1165 684 1361 739 produce
1388 684 1575 740 produc,
1606 682 1668 724 il-

277 738 389 782 licce
421 737 538 786 ilhc,
573 737 730 780 isticce
756 737 882 788 istic;
925 738 1064 795 idque
1096 738 1303 782 omnibus
1333 740 1477 796 placet
1502 737 1667 781 artium

279 793 594 851 scriptoribus,
643 795 721 851 qui
765 796 818 837 de
866 795 1119 838 accentibus
1162 795 1458 852 scripserunt3
1505 798 1669 838 debent

279 853 392 893 haec
413 866 590 908 quoque
606 850 724 894 idem
746 866 933 902 servare,
956 867 1075 902 cum,
1097 852 1130 893 ti
1149 854 1385 901 subtracta,
1417 851 1667 908 penultima

275 907 459 955 vocalis,
493 920 604 965 quae
632 907 1064 951 circumflectebatur
1090 909 1137 950 in
1162 908 1361 952 dictione
1378 909 1585 966 perfecta,
1617 907 1666 949 id

275 974 341 1005 est
360 978 399 1017 a,
413 963 645 1006 invenitur
663 964 823 1007 ultima
836 964 885 1006 in
906 964 1165 1009 concisione
1186 967 1354 1007 habens
1376 967 1569 1007 eundem
1590 973 1667 1006 ac-‘

273 1030 474 1073 centum.
533 1021 829 1064 Inveniuntur
848 1032 998 1064 tamen
1022 1022 1156 1063 etiam
1178 1019 1361 1077 propria
1385 1019 1667 1063 Merendae

272 1081 405 1119 causa
439 1077 744 1126 circumflexa,
776 1089 828 1120 ut
855 1081 995 1120 Lenas
1027 1077 1230 1125 Lenatis‚
1264 1080 1421 1119 Menas
1452 1076 1666 1132 Mennis,

271 1148 331 1175 ne
350 1134 595 1176 accusativi
614 1135 806 1191 plurales
827 1148 1000 1186 menae,
1030 1148 1170 1190 genus
1191 1145 1258 1175 est
1278 1132 1428 1190 piscis,
1460 1143 1505 1175 et
1523 1135 1664 1183 lenae,
1721 1135 1723 1137 ’

272 1193 395 1247 quod
413 1189 720 1233 foemininum
740 1201 808 1234 est
826 1189 1019 1238 lenonis,
1042 1205 1134 1232 esse
1154 1201 1383 1248 putentur.
1431 1193 1485 1233 In
1505 1205 1550 1232 es
1566 1203 1666 1232 'cor-

270 1258 444 1303 reptam
473 1261 614 1305 pauca
641 1247 935 1289 inveniuntur
965 1246 1311 1293 denominativa,
1352 1260 1493 1303 equus
1516 1259 1666 1303 eques,

269 1317 349 1359 pes
367 1304 514 1360 pedes,
547 1315 592 1346 et
622 1303 814 1345 verbalia
835 1314 936 1361 tego
967 1315 1098 1359 teges,
1131 1317 1281 1368 mergo
1305 1317 1489 1360 merges.
1546 1307 1597 1345 In
1618 1318 1668 1346 es

269 1361 535 1416 productam
571 1359 767 1402 verbalia
795 1358 938 1416 reperi
967 1373 990 1399 a
1020 1371 1263 1415 praesenti,
1320 1361 1403 1401 vel·
1422 1358 1662 1415 praeterito

270 1427 486 1472 tempore.
523 1418 560 1460 A
579 1415 816 1473 praesenti,
834 1415 956 1467 sepio
975 1429 1114 1472 sepoe,
1132 1417 1209 1457 luo
1231 1418 1343 1464 lues,
1361 1426 1482 1459 struo
1504 1426 1662 1466 strues,

268 1486 446 1515 macero
466 1473 645 1522 macies,
677 1471 858 1516 luxurio
877 1471 1087 1521 luxuries,
1118 1469 1230 1515 illuo
1253 1471 1455 1515 illuvies:
1487 1487 1511 1514 a
1533 1486 1664 1526 prae-

310 1704 382 1743 pro
401 1707 453 1738 eo,
471 1697 577 1742 quod.
624 1694 747 1739 Vulgo
793 1705 833 1728 ro
859 1704 917 1733 ea,
940 1694 1045 1740 quod.
1092 1693 1303 1737 Receptam
1328 1692 1534 1729 lectionem
1550 1705 1660 1740 prae·

360 1746 464 1775 stant
492 1742 601 1777 MSS.
631 1740 740 1774 Luth.
786 1739 947 1774 {eidelh
977 1739 1078 1786 Lips.
1112 1751 1142 1773 ι.
1175 1751 1206 1773 2.
1236 1750 1271 1783 5.
1299 1739 1379 1773 Erl.
1404 1751 1434 1774 1.
1457 1751 1490 1775 2.
1517 1740 1655 1777 Dresd.

363 1786 497 1822 Zwicc.
523 1801 551 1822 1.
576 1800 606 1822 2.
627 1787 722 1820 Edd.
743 1787 838 1820 Ven.
863 1798 892 1819 1.
913 1798 944 1819 2.

319 1832 508 1867 Titinnius
525 1835 565 1867 in
580 1831 762 1867 Psaltria.
812 1830 929 1866 Codd.
950 1830 1052 1876 Lips.
1074 1842 1104 1864 1.
1124 1841 1158 1874 3.
1181 1829 1336 1864 Saltria.

289 1891 291 1893 ’
313 1889 350 1934 5.
370 1902 425 1924 22.
454 1892 497 1925 dc
527 1890 749 1923 accentibus.
796 1886 964 1922 Praetuli
986 1887 1084 1920 hanc
1101 1887 1310 1922 lectionem
1336 1888 1512 1933 vulgatae
1526 1889 1570 1923 de
1590 1901 1660 1924 ac·-

361 1942 482 1978 centu,
506 1946 594 1971 eum
611 1935 678 1969 illa
695 1946 718 1969 a
734 1934 856 1969 tribus
876 1932 1060 1968 Codicum
1075 1944 1250 1968 meorum
1265 1933 1498 1977 exhibeatur,
1522 1940 1564 1970 et
1581 1937 1656 1970 No—

360 1987 440 2015 ster
456 1982 540 2027 ipse
569 1992 679 2015 suum
696 1981 869 2015 libellum
899 1980 943 2013 de
964 1978 1174 2013 accentibus
1200 1979 1449 2026 inscripserit.
1497 1981 1656 2016 Secutus

355 2038 451 2073 ergo
479 2027 521 2062 in
547 2027 620 2062 hoc
646 2026 793 2072 priores
821 2025 1025 2070 scriptores
1054 2035 1137 2059 esse
1162 2025 1322 2060 videtur.
1370 2027 1464 2061 Mox
1486 2037 1558 2072 pro
1589 2029 1658 2063 de-

357 2072 472 2107 beant
490 2086 511 2108 e
533 2073 624 2108 Cod.
647 2073 725 2107 Erl.
750 2085 780 2107 2.
803 2072 935 2108 dehent
962 2070 1102 2116 recepi.
1151 2071 1302 2106 Deinde
1326 2083 1395 2117 pro
1414 2072 1653 2115 subjunctivo

358 2120 572 2153 inveniatur
597 2118 844 2154 indicativum
870 2118 1058 2150 invenitur
1085 2117 1237 2152 restitui
1254 2128 1277 2152 e
1294 2117 1413 2152 Codd.
1435 2117 1547 2153 Luth.
1567 2119 1658 2154 Hei-

290 2167 292 2169 ’
357 2165 458 2199 delh.
491 2166 625 2199 Zwicc.
650 2177 679 2200 1.
703 2178 736 2200 2.
758 2164 859 2209 Lips.
886 2175 914 2196 1.
936 2175 968 2196 2.
990 2174 1023 2206 3.
1054 2163 1133 2197 Erl.
1157 2175 1186 2197 1.
1211 2176 1241 2198 2.
1262 2163 1400 2199 Dresd.
1450 2163 1554 2199 Illuc!
1577 2177 1658 2201 cum

356 2211 475 2252 enim,
487 2223 509 2245 a
528 2222 602 2256 quo
621 2211 762 2256 pendet
774 2209 944 2250 verbum,
963 2208 1038 2242 hoe
1056 2208 1215 2253 quidem⁴
1227 2210 1312 2244 loco
1330 2209 1523 2255 significas
1537 2221 1657 2256 quan-

358 2257 551 2302 doquidem
571 2257 630 2289 vel
649 2257 850 2301 siquidem:
871 2261 954 2288 tum
972 2264 1062 2287 vero
1081 2264 1230 2299 semper
1249 2266 1271 2290 a
1290 2255 1428 2289 Nostro
1453 2265 1541 2289 cum
1556 2253 1655 2289 indi-

357 2303 480 2337 cativo
500 2301 755 2346 conjungitur,
787 2299 862 2334 nisi
878 2298 993 2333 lectio
1013 2299 1060 2333 ab
1079 2299 1300 2335 Editoribus
1319 2306 1468 2335 temere
1495 2300 1578 2335 aevi
1595 2311 1653 2336 se-

355 2347 468 2382 rioris
497 2355 608 2382 usum
641 2359 720 2381 non
747 2343 1038 2391 respicientibus
1062 2351 1207 2380 mutata
1242 2346 1303 2380 sit.
1360 2345 1460 2380 Mihi
1497 2345 1652 2392 quidem

356 2399 515 2440 propter
535 2393 719 2428 Codicum
745 2402 972 2433 consensum
990 2391 1199 2426 sexcenties
1227 2389 1449 2427 indicativus
1469 2391 1654 2428 redueen-

356 2440 426 2474 dus
449 2439 535 2473 fuit.
902 2459 904 2462 -
1143 2457 1146 2461 ·

310 2498 545 2546 dtfferentiae
571 2507 685 2530 causa
706 2496 951 2541 circumflexa.
998 2494 1093 2528 Edd.
1117 2504 1246 2528 omnes
1265 2499 1304 2528 et
1325 2495 1484 2530 Codices
1500 2497 1651 2550 plures:
1691 2502 1695 2507 “

357 2543 591 2589 differentiae
620 2553 751 2575 causae
781 2542 821 2574 in
847 2541 924 2586 fine
955 2541 1195 2584 circumflexa.
1245 2539 1368 2574 Omisi
1394 2552 1467 2587 ego
1497 2554 1537 2575 m
1557 2542 1653 2588 fine,
1696 2556 1703 2559 >·
1741 2562 1748 2571 ,

355 2601 435 2624 non
462 2588 586 2625 solum
603 2587 705 2635 quod
729 2587 866 2621 absunt
892 2586 986 2620 haec
1013 2597 1034 2619 a
1053 2586 1162 2619 MSS.
1186 2585 1318 2620 Zwicc.
1344 2599 1372 2620 1.
1396 2587 1496 2632 Lips.
1519 2600 1551 2622 2.
1570 2588 1648 2622 Erl.

356 2649 388 2672 2.
413 2635 481 2670 sed
498 2634 616 2668 etiam
643 2632 743 2680 quod
762 2643 832 2677 per
851 2643 891 2666 se
909 2631 982 2666 hoc
1007 2630 1249 2675 intelligitur,
1274 2631 1464 2680 facileque
1484 2639 1602 2679 patet,
1628 2645 1652 2667 e

266 2693 268 2695 ·
355 2683 584 2727 glossemate
601 2679 698 2715 haec
716 2678 845 2712 addita
862 2689 956 2711 esse.
1187 2703 1189 2705 .
1298 2717 1299 2721 Ἰ
1437 2698 1443 2706 .
1507 2701 1509 2703 .
1710 2709 1718 2715 χ

308 2739 427 2776 genus
446 2733 504 2762 est
519 2726 648 2773 piscis.
698 2725 820 2770 Vulgo
848 2723 1057 2770 praefixum
1082 2723 1179 2769 legis
1196 2723 1398 2760 relativum
1411 2725 1525 2771 quod.
1571 2725 1659 2760 Hos
