1748 3112
262 223 346 273 4b6
650 229 1300 286 Llss.V111-CAP.X11

265 355 310 387 et
351 343 471 400 quod
511 357 566 384 ex
594 341 694 408 ipso
729 355 913 384 caetera
933 353 1133 400 tempora
1163 346 1347 385 trahunt
1380 346 1580 411 regulata:
1624 356 1671 388 et

266 402 387 467 quod
422 399 711 455 praeteritum
740 414 831 441 non
857 411 1004 457 potest
1022 415 1140 448 ease,
1171 399 1259 442 nisi
1283 402 1408 456 quod
1423 401 1551 467 prius
1574 402 1669 452 fue⁴

265 457 328 500 rit
357 470 573 521 praesens.
635 455 793 498 Futuri
824 470 972 499 autem
1004 471 1090 498 vox
1115 456 1212 499 sine
1238 456 1570 513 significatione
1603 472 1670 501 es-

268 526 359 562 set,
393 528 480 554 ms·
514 511 813 577 cogitantibus
851 513 1008 564 nobie,
1051 524 1096 555 et
1125 513 1361 556 notionem
1391 515 1672 558 sumentibus

270 586 321 614 ex
346 585 444 626 prav
450 569 563 610 senti
585 571 655 611 vel
678 586 729 612 ex
750 569 1001 635 praeterito.
1064 573 1130 612 De
1157 572 1309 612 futuro
1332 585 1511 628 quoque
1533 571 1670 613 sumi-

269 642 371 671 mus
402 625 659 676 notionem,
703 629 772 669 vel
804 642 856 669 ex
886 626 956 668 hie
984 642 1096 684 quae
1125 626 1256 668 nobis
1289 626 1336 668 in
1363 642 1444 670 ore
1461 627 1669 678 veniunt,

271 685 343 725 vel
374 699 425 724 ex
456 682 550 739 ipsa
583 695 738 726 natura
769 700 942 731 rerum,
984 684 1056 725 vel
1087 698 1136 725 ex
1168 683 1493 749 cogitatione.
1513 688 1567 731 ln
1591 699 1669 726 ore

273 740 482 806 quidem,
515 750 589 791 ut,
621 739 658 781 ei
681 740 858 782 videam
879 740 1146 782 scribentem
1169 755 1216 781 in
1237 739 1497 796 praesenti,
1512 743 1674 786 exhoc

275 796 482 861 concipio
525 807 569 838 et
605 797 744 838 futuii
789 797 1002 853 temporis
1044 796 1318 861 scripturam.
1378 800 1565 846 Natura,
1607 809 1673 847 ut,

274 868 379 896 cum
422 852 601 894 videam
635 856 771 896 solem
803 854 1084 896 occidentem
1126 868 1175 894 m
1205 853 1448 909 praesenti,
1490 868 1675 918 possum

275 908 389 952 scire
419 909 612 951 naturali
642 922 771 952 motu
794 925 1102 960 reversuiUum
1141 911 1263 964 quod
1292 922 1356 951 est
1377 909 1531 951 futuri.
1592 913 1676 953 Co-

277 965 498 1032 gitatione
523 982 664 1015 vero,
705 979 783 1015 ut,
824 967 861 1008 si
889 965 1086 1022 cogitem
1121 965 1348 1009 diluvium
1369 968 1507 1031 ‚quale
1533 966 1594 1008 sit
1622 967 1673 1008 in

210 1027 256 1061 66
280 1023 526 1088 praesenti
557 1038 607 1064 ex
630 1027 714 1066 hoe
737 1023 969 1065 notionem
995 1021 1228 1087 concipio
1237 1021 1396 1065 futuri.
1455 1021 1676 1066 Similiter

276 1078 418 1137 prima
447 1094 632 1131 persona
672 1079 967 1136 praeponitur
997 1079 1119 1127 aliis
1153 1078 1257 1134 quia
1289 1078 1383 1143 ipsa
1402 1063 1604 1136 loquitur
1630 1090 1677 1122 et

276 1151 358 1193 per
371 1151 465 1177 eam
489 1137 962 1187 ostenditursecunda‚
984 1137 1039 1176 ad
1058 1150 1193 1200 quani
1214 1135 1428 1192 loquitur,
1463 1147 1507 1178 et
1531 1135 1678 1184 tertia,

278 1194 332 1234 de
363 1207 448 1247 qua
477 1193 688 1248 loquitur.
749 1193 850 1236 Nisi
886 1192 1007 1234 enim
1037 1191 1097 1233 sit
1126 1191 1297 1248 prima,
1338 1207 1452 1249 quae
1481 1193 1680 1248 proferat-

278 1263 557 1297 sermonem,
609 1249 721 1291 aliae
751 1264 842 1291 esse
872 1263 963 1291 non
991 1260 1203 1313 possunt:
1242 1260 1286 1291 et
1314 1250 1442 1314 quod
1466 1249 1550 1290 ista
1567 1249 1676 1290 sine

277 1305 366 1346 illis
401 1317 548 1361 potest
577 1305 790 1354 inveniri,
815 1310 916 1347 cuni
949 1320 1102 1347 secum
1126 1304 1289 1361 aliquis
1308 1304 1541 1363 loquitur,
1573 1303 1677 1349 illae

279 1373 428 1402 autem
460 1362 553 1403 sine
577 1362 658 1403 ista
679 1378 771 1403 non
797 1361 1117 1404 inveniuntur:
1151 1374 1195 1403 et
1212 1363 1341 1426 quod
1348 1375 1479 1407 causa
1499 1372 1679 1404 natura-

280 1417 384 1459 liter
411 1430 515 1459 ante
533 1419 830 1465 causativam‚
873 1433 1007 1473 quam
1033 1422 1166 1461 αἰτίαν
1187 1417 1343 1460 Graeci
1362 1428 1552 1467 vocant,
1584 1428 1678 1460 esse

283 1475 411 1516 solet.
453 1477 595 1517 Causa
620 1486 771 1516 autern
790 1474 842 1515 fit
863 1476 1094 1517 secundae
1113 1486 1159 1516 et
1179 1474 1333 1516 tertiae
1350 1489 1565 1530 personae
1585 1473 1676 1530 pri-

279 1545 350 1572 ma
389 1545 602 1586 persona:
654 1535 750 1583 jure
791 1530 927 1585 igitur
958 1530 1046 1572 illis
1075 1531 1385 1588 praeponitur,
1418 1545 1555 1595 quae
1570 1542 1678 1576 sunt

225 1603 227 1605 ·
277 1588 543 1637 causativae.
603 1590 637 1629 A
686 1587 900 1651 singulari
941 1602 1123 1643 quoque
1171 1601 1381 1629 numero
1414 1586 1674 1651 incipimus,

278 1645 400 1707 quod
433 1643 507 1685 hic
537 1644 801 1684 naturaliter
831 1642 1005 1700 primus
1035 1655 1101 1685 est
1128 1658 1448 1695 numerorum,
1485 1641 1563 1700 qui
1595 1646 1682 1691 du·-

275 1698 469 1764 plicatus
493 1701 563 1741 vel
591 1699 917 1766 multiplicatus
947 1699 1055 1742 facit
1074 1715 1312 1742 numerum
1335 1701 1559 1752 pluralem.
1617 1704 1678 1744 Et

275 1755 423 1798 activa
452 1755 552 1797 idio
585 1756 728 1813 prima
759 1757 1071 1821 proferuntur,
1115 1757 1237 1813 quod
1267 1755 1527 1798 naturaliter
1553 1772 1698 1821 prae·¹

276 1811 398 1854 cedit
429 1823 551 1854 actus
581 1825 685 1855 ante
716 1812 992 1877 passionem,
1025 1827 1138 1868 quae
1159 1828 1252 1854 esse
1272 1827 1364 1854 non
1385 1823 1554 1868 potest,
1584 1811 1676 1855 nisi

274 1868 347 1910 sit
360 1878 505 1922 actus,
546 1880 608 1910 et
621 1871 743 1925 quod
764 1867 843 1924 qui
863 1868 954 1926 agit
982 1869 1171 1934 incipit,
1204 1869 1403 1933 sequitur
1422 1879 1572 1911 autem
1594 1867 1674 1924 qui

274 1924 474 1988 patitur,
503 1936 548 1966 et
572 1927 696 1981 quud
712 1927 900 1966 verbum
920 1924 1118 1969 activum
1143 1924 1376 1967 additione
1397 1936 1495 1979 eget
1519 1924 1674 1972 literae

206 1981 253 2027 67
277 1982 346 2021 vel
364 1979 611 2031 literarum,
639 1992 690 2022 ut
722 1980 852 2022 faciat
873 1981 1102 2036 passivum
1124 1997 1172 2022 ex
1194 1996 1251 2023 se.
1308 1981 1511 2023 Breviter
1533 1979 1673 2046 igitur

272 2037 327 2077 de
356 2037 569 2078 omnibus
598 2037 744 2079 modis
775 2048 1039 2101 repetamus.
1100 2036 1231 2079 Modi
1262 2048 1391 2085 sunt,
1422 2048 1474 2080 ut
1495 2037 1673 2104 praedi·

271 2104 398 2134 ctum
419 2105 507 2142 est,
534 2090 736 2135 diversae
759 2093 1074 2136 inclinationes
1095 2093 1259 2146 animi,
1291 2108 1417 2157 quas
1419 2108 1542 2135 varia
1553 2108 1672 2140 con·

269 2148 470 2205 sequitur
510 2149 749 2192 declinatio
780 2149 920 2192 verbi.
983 2149 1255 2193 Indicativus
1282 2149 1453 2206 primus
1478 2150 1672 2213 ponitur

317 2312 394 2346 nisi
414 2313 512 2391 '3qu
522 2314 627 2357 pri-us
642 2311 773 2357 fuerit.
798 2311 929 2356 Adjeci
951 2313 1049 2358 quod
1065 2323 1086 2346 e
1104 2313 1215 2362 MSS.
1239 2312 1340 2358 Lips.
1367 2324 1398 2346 1.
1418 2323 1450 2346 2.
1473 2322 1507 2356 5.
1528 2311 1666 2346 Dresd.

315 2357 504 2439 noiizneiri
525 2359 773 2438 Zuanlelttzlt‘ihus.
820 2403 897 2437 Alii
921 2414 1095 2437 meorum
1115 2404 1231 2438 Codd.
1255 2405 1440 2445 notitiam,
1462 2403 1527 2437 alii
1547 2405 1669 2438 notio-

359 2461 452 2490 nem,
475 2449 545 2483 alii
562 2451 790 2485 notitionem.
837 2449 993 2484 Retinui
1013 2450 1218 2495 vulgatam,
1250 2461 1363 2496 quam
1382 2456 1421 2484 et
1446 2449 1547 2484 Ειίἀ.
1571 2451 1662 2484 ven.

312 2551 355 2581 ut
365 2500 642 2579 Ϋιτιιιιῗνῗῒαῗίἴίεατη.
667 2547 783 2579 .Unus
814 2556 989 2580 meorum
1011 2545 1145 2579 Zwicc.
1169 2558 1199 2579 1.
1223 2547 1341 2579 video.

312 2594 348 2638 5
371 2588 440 2622 66.·
451 2591 553 2627 Ante
573 2592 735 2625 secunda
755 2591 806 2624 ad
824 2603 931 2637 quam
958 2592 1142 2627 Codicum
1161 2592 1388 2626 auctoritate
1409 2591 1586 2627 delevi&

301 2640 346 2687 5
370 2635 426 2680 67.
453 2637 670 2679 indicamus,
691 2637 782 2683 quid
799 2639 935 2689 agitur.
983 2640 1071 2673 Duo
1092 2649 1267 2672 meorum
1285 2637 1415 2672 Codd.
1405 2639 1534 2690 quod.
1568 2615 1663 2672 Edd.

358 2681 451 2714 Ven.
473 2683 564 2727 quid
631 2689 730 2720 atur.
774 2683 867 2718 Usui
886 2684 1069 2718 Prisciani
1086 2684 1183 2719 mihi
1202 2689 1359 2729 recepta
1370 2683 1488 2721 lectio
1510 2695 1587 2721 non
1606 2693 1665 2717 re·

357 2736 529 2771 pugnare
559 2727 595 2762 vi
626 2734 724 2764 etur.
1408 2752 1410 2757 .
