1748 3112
282 212 362 264 256
514 220 517 223 ’
671 214 798 254 LlB.
829 214 910 259 IV.
971 212 1109 256 CAP.
1141 216 1219 256 lv.
1249 217 1297 258 V.

277 326 349 369 nis
379 324 623 374 Iu'venalis3
658 324 910 382 (invenitur
941 336 986 368 et
1006 326 1240 383 juvenilis)
1271 327 1424 387 prince
1455 329 1674 390 qnprincis

276 381 347 444 pis
366 380 639 439 principalis,
670 381 905 440 municeps
934 383 1177 440 municipis
1198 384 1370 427 munici
1403 400 1425 427 a
1444 384 1496 435 ἴε,
1528 383 1668 436 crinis

277 439 468 486 crinalis,
502 453 590 480 vox
622 436 747 493 vocis
771 439 950 482 vocalis.
1011 441 1088 484 Sin
1107 456 1128 481 a
1154 452 1336 496 quartae
1388 441 1668 486 eclinationi·

277 495 537 540 nominibus
557 493 830 545 derivantur,
863 497 1030 550 abjecta
1047 512 1090 551 ες
1134 497 1201 539 sin
1223 513 1245 540 a
1276 496 1472 555 quintae,
1515 513 1574 548 es,
1615 499 1670 541 e‘x‘

276 552 554 607 nominativo
574 563 802 594 assumunt
822 551 916 602 alis,
948 569 1105 596 manus
1133 554 1363 604 manualis,
1396 555 1551 606 census
1569 570 1668 598 cen-

217 611 251 643 V
275 609 421 658 sualis,
455 607 623 666 species
649 608 862 665 specialis.
924 610 1123 653 verbalia
1148 625 1325 668 quoque
1348 627 1372 653 a
1393 611 1533 668 prima
1557 627 1668 655 con-

205 668 250 700 24
273 665 504 722 jugatione
526 665 815 721 inveniuntur
836 665 883 708 in
907 666 1001 714 alis,
1033 678 1215 732 penetro
1236 667 1507 724 penetralis(
1528 667 1576 710 in
1587 667 1667 710 elis

271 737 413 779 pauca
444 721 742 764 inveniuntur
774 724 1129 772 denominanva‚
1172 736 1222 765 ut
1252 724 1364 766 sidus
1395 724 1474 766 fidi
1505 723 1666 774 fidelis,

271 780 436 821 crudus
472 777 599 821 crudi
628 778 839 827 crudelis,
872 791 1051 836 patruus
1082 780 1230 837 patrui
1263 780 1501 837 patruelis,
1532 782 1668 824 frater-

272 834 419 876 fratris
443 834 676 878 fratruelis.
736 839 794 877 Et
825 847 951 885 nota,
985 839 1107 892 quod
1119 835 1272 879 omnia
1291 848 1532 881 extremam
1558 837 1572 878 i
1594 852 1666 895 ge-

269 890 403 942 nitivi
424 891 471 933 in
494 907 515 933 e
534 893 796 948 productam
824 892 1041 935 mutantia
1074 893 1503 950 assumpseruntliu
1535 894 1667 949 frater

270 961 378 989 vero
400 948 561 997 fratris,
595 948 631 989 is
656 949 702 989 in
726 964 756 989 u
775 963 1004 999 conversa,
1034 949 1272 1006 assumpsit
1295 950 1390 993 elis.
1450 954 1466 993 1
1486 953 1669 1008 longam.

269 1006 433 1046 habent
455 1003 605 1060 omnia
627 1004 675 1046 in
693 1004 780 1052 ilis,
796 1019 907 1061 quae
929 1021 952 1047 a
974 1005 1235 1048 nominibus
1258 1005 1534 1054 derivantur,
1554 1021 1666 1048 nec-

269 1075 364 1103 non
385 1061 433 1102 in
456 1060 515 1102 ile
538 1073 707 1109 neutra,
740 1060 835 1103 sive
857 1077 908 1102 ex
931 1061 994 1104 eis
1024 1063 1072 1103 in
1100 1060 1173 1103 ilis
1197 1062 1320 1110 fiant,
1353 1062 1448 1104 sive
1471 1077 1564 1104 non
1583 1065 1666 1104 ha-

268 1119 404 1160 beant
434 1117 556 1159 aliud
582 1129 684 1159 ante
711 1133 758 1160 se
790 1132 954 1174 genus;
1001 1120 1078 1160 sed
1107 1133 1131 1159 a
1160 1133 1425 1174 quacunque
1454 1118 1664 1171 orationis

267 1185 390 1232 parte
422 1186 687 1223 nascuntur,
717 1185 769 1215 ut
797 1175 925 1216 aedes
955 1173 1137 1223 aedilis,
1168 1189 1302 1217 senex
1333 1173 1512 1223 senilis,
1554 1190 1665 1218 amu

265 1229 421 1280 anilis,
453 1245 567 1286 puer
596 1229 800 1287 puerilia,
832 1229 903 1271 vir
921 1230 1086 1279 virilis,
1119 1245 1265 1273 scurra
1299 1230 1517 1279 scurrilis,
1550 1230 1663 1274 civis

264 1285 427 1336 civilis,
461 1301 611 1329 servus
642 1286 832 1335 servilis,
875 1287 1059 1343 quintus
1090 1286 1314 1344 quintilis,
1355 1298 1503 1329 sextus
1534 1288 1664 1330 sexti-

263 1342 333 1394 lis,
366 1358 471 1399 gens
494 1342 691 1400 gentilis,
722 1340 866 1384 hostis
885 1342 1078 1395 hostilis,
1109 1343 1253 1385 subtel
1273 1342 1467 1391 subtilis.
1525 1343 1666 1387 Exci-

262 1399 385 1456 pitur
403 1415 481 1457 par
500 1398 618 1456 paris
647 1398 812 1455 parilis,
846 1398 971 1442 exilis
1006 1399 1140 1441 etiam
1163 1415 1186 1440 a
1216 1414 1372 1456 graeco
1396 1402 1572 1456 ἐξίτηλος
1594 1402 1663 1443 fa-

198 1470 240 1506 25
267 1465 415 1504 ctum,
470 1455 916 1497 denominativorum
949 1456 1142 1498 servavit
1174 1457 1386 1513 regulam.
1445 1456 1663 1500 Similiter

263 1523 421 1553 neutra
449 1513 707 1570 producunt
738 1511 1055 1567 penultimam,
1088 1512 1227 1560 ovile,
1261 1511 1458 1562 monile,
1499 1514 1659 1568 cubile,

262 1566 424 1610 sediler
478 1571 590 1610 Nam
614 1567 662 1609 in
684 1566 758 1608 ilis
791 1567 1038 1610 desinentia
1071 1568 1265 1610 verbalia
1288 1569 1382 1610 sive
1401 1569 1659 1626 participia-

260 1624 322 1667 lia
351 1624 605 1679 corripiunt
635 1625 820 1665 eandem
859 1623 875 1665 i
907 1624 1228 1681 penultimam,
1273 1637 1325 1666 ut
1355 1626 1449 1668 fero
1481 1627 1655 1676 fertilis,

261 1692 366 1723 utor
395 1681 536 1730 utilis,
577 1679 711 1735 sntio,
741 1695 795 1723 ex
824 1695 914 1737 quo
945 1681 1252 1738 compositum
1281 1681 1456 1733 effutit),
1496 1683 1658 1735 futilis,

308 1844 499 1879 invenitur
513 1851 551 1878 et
561 1843 754 1889 juvenilis.
802 1842 910 1878 Libri
927 1843 1071 1889 vulgati
1090 1843 1264 1879 inserunt
1282 1851 1418 1886 tamen,
1437 1845 1540 1892 quod
1558 1845 1657 1881 desi-

354 1890 508 1924 deratur
522 1890 564 1924 in
584 1890 700 1925 Codd.
721 1889 832 1924 Luth.
854 1889 1030 1925 Heidelb.
1051 1890 1185 1925 Zwicc.
1209 1903 1239 1925 1.
1259 1890 1362 1936 Lips.
1389 1903 1418 1926 1.
1460 1892 1563 1938 Ergo
1582 1904 1655 1939 ego

355 1936 472 1970 etiam
491 1936 614 1971 omisi.

307 1982 421 2021 crinis
440 1982 606 2017 crinalis.
644 1982 780 2029 Vulgo,
806 1982 919 2017 crinis
942 1982 1055 2016 crinis
1071 1981 1238 2018 crinalis.
1289 1983 1471 2028 Ignorant
1491 1983 1655 2020 alterum

353 2027 466 2061 'crinis
489 2027 648 2063 Codices
675 2027 935 2074 manuscripti.
983 2027 1157 2073 Expunxi
1184 2028 1313 2073 igitur.
1363 2030 1445 2064 Nec
1463 2029 1562 2065 solet
1579 2032 1656 2065 No—

353 2079 432 2108 ster
451 2085 571 2117 casus,
597 2076 662 2120 qui
681 2087 773 2109 sono
795 2086 873 2110 non
892 2074 1086 2116 differunt,
1112 2076 1318 2119 geminare.

305 2120 407 2155 sitta
426 2121 590 2165 quintae,
610 2133 661 2162 es,
680 2133 726 2154 ex
746 2122 985 2155 nominativo.
1012 2121 1057 2154 In
1075 2119 1182 2154 libris
1201 2120 1314 2155 editis
1333 2120 1430 2156 haec
1447 2120 1502 2156 ita
1520 2122 1653 2168 legun-

350 2172 434 2200 tur:
461 2166 521 2199 sin
541 2178 564 2199 a
585 2167 746 2213 quintae,
765 2179 783 2200 s
805 2166 952 2209 abjecta
972 2167 1212 2200 nominativo.
1260 2166 1431 2202 Primum
1447 2167 1566 2212 igitur
1581 2170 1653 2204 Co·

352 2211 479 2246 dicum
506 2223 679 2247 meorum
714 2212 940 2247 auctoritate
963 2223 1033 2257 pro
1061 2224 1080 2245 s
1109 2210 1260 2246 restitui
1285 2225 1344 2253 es,
1390 2212 1531 2249 deinde
1553 2215 1653 2257 ejeci

350 2268 485 2291 vocem
513 2269 534 2292 e
558 2258 787 2303 glossemate
816 2257 984 2292 additam
1009 2257 1166 2300 abjecta.
1229 2259 1409 2304 Denique
1435 2259 1477 2292 in
1498 2262 1652 2294 'textum

350 2302 482 2337 reduxi
512 2314 533 2336 e
562 2302 678 2338 Codd.
708 2302 844 2338 Dresd.
875 2302 1049 2336 Heidelb.
1081 2302 1194 2337 Luth.
1226 2302 1360 2338 Zwicc.
1380 2302 1483 2350 Lips.
1511 2308 1597 2341 με.
1616 2317 1650 2351 3.

264 2389 269 2393 ,
353 2348 432 2384 Erl.
458 2361 488 2382 1.
512 2360 543 2383 2.
567 2349 891 2394 praepositionem
910 2361 966 2383 ex.

306 2397 341 2441 ς.
355 2406 410 2439 24.
436 2394 512 2428 siva
531 2407 576 2428 ex
594 2395 646 2428 eis
668 2395 707 2428 in
717 2394 792 2428 ilis.
818 2394 953 2439 Vulgo,
979 2394 1056 2428 sive
1075 2406 1119 2427 ex
1137 2395 1202 2436 eis,
1221 2405 1313 2441 quae
1325 2395 1498 2429 desinunt
1517 2396 1557 2431 in
1573 2396 1651 2434 ilis.

352 2440 462 2476 MSS.
492 2440 604 2475 Luth.
634 2440 807 2475 Heidelb.
838 2439 940 2485 LiPS.
966 2451 995 2473 1.
1021 2439 1099 2473 Erl.
1125 2452 1153 2474 1.
1180 2452 1211 2474 2.
1246 2440 1379 2475 Zwicc.
1407 2453 1437 2475 1.
1468 2441 1650 2477 omittunt

347 2491 445 2533 ‘quae
466 2486 651 2525 desinunt.
698 2487 807 2521 MSS.
829 2486 962 2520 Zwicc.
986 2494 1016 2519 2.
1037 2486 1138 2530 Lips.
1162 2498 1194 2520 2.
1215 2497 1292 2520 non
1310 2486 1435 2521 solum
1459 2487 1568 2531 haec,
1584 2488 1650 2522 sed

353 2531 469 2569 etiam
485 2533 525 2565 in
547 2533 620 2568 ilis.
669 2533 752 2567 Hoc
777 2538 926 2566 secutus
948 2542 1083 2572 essem,
1106 2530 1179 2564 nisi
1195 2531 1433 2578 reliquorum
1450 2532 1647 2577 Codicum,

350 2578 454 2613 inter
473 2583 565 2626 quos
580 2577 904 2624 praestantissimi,
929 2577 1132 2612 auctoritas
1150 2578 1327 2614 obstaret.
1377 2578 1649 2619 Mox'nqscun2

351 2630 412 2657 tur
431 2623 562 2670 scripsi
582 2636 651 2670 pro
672 2630 895 2666 nascantur,
928 2622 1028 2669 quod
1051 2634 1273 2668 perperam,
1299 2630 1414 2671 puto,
1439 2624 1529 2670 libri
1556 2624 1648 2659 editi

288 2684 293 2687 ¹
351 2676 590 2715 receperunt.
626 2671 724 2706 Nam
743 2675 945 2704 nascuntur
963 2681 1040 2707 non
1057 2669 1226 2715 pertinet
1243 2669 1291 2703 ad
1306 2669 1537 2716 praecedens
1554 2672 1645 2705 sive.

351 2715 477 2762 Igitur
492 2715 685 2752 ‘semicolo
716 2716 874 2762 disiunxi
895 2727 960 2760 ea,
995 2726 1091 2764 quae
1108 2715 1198 2752 inde
1217 2727 1239 2754 a
1256 2718 1324 2765 ,τεά
1338 2722 1567 2766 sequuntur,
1587 2717 1647 2752 ’ἐὺ
