1748 3112
258 217 340 250 200
726 209 858 253 LIB.
890 209 938 258 V.
975 208 1139 251 CAP.
1168 211 1220 253 X.
1271 225 1274 228 ’

263 318 447 377 pluralis
465 318 785 371 nominativus,
827 316 1150 370 et'vocativus‚
1190 320 1326 369 huius
1346 322 1666 380 ethnicpoffi

191 389 233 422 51
260 388 357 430 tae,
396 375 446 418 hi
475 387 518 418 et
550 391 575 417 o
606 388 781 434 poetae,
839 383 893 426 Et
921 379 969 422 in
1001 378 1244 421 mobilibus
1274 379 1410 423 trium
1437 391 1663 439 generum-

263 431 479 476 omnibus
510 433 749 491 singularia
779 436 1050 484 foeminina,
1092 447 1136 477 et
1158 436 1351 492 pluralia,
1372 449 1529 487 neutra
1555 452 1658 480 ean·

262 491 363 533 dem
399 505 560 534 vocem
603 493 785 542 habent,
826 496 933 535 haec
969 491 1134 549 prima,
1175 491 1200 548 ἡ
1232 493 1391 550 πρώτη,
1416 493 1658 551 νιὰςπραῑτα.

261 561 404 596 sacra,
447 545 477 602 ἦ
497 548 607 604 ἱερὰ,
660 552 731 593 καὶ
757 549 805 594 τὰ
831 549 934 606 ἱερά.
973 549 1185 602 maxima,
1225 548 1251 604 ἦ
1274 554 1466 608 μεγίστη,
1490 554 1595 602 mul,
1613 549 1662 594 τὰ

261 607 438 662 μέγιστα.
498 606 549 645 In
571 608 765 648 secunda
795 621 971 663 quoque
1003 605 1302 649 declinatione
1320 606 1660 663 genitivussin-

265 660 456 718 gularis.
507 671 551 702 et
593 661 922 716 nominativus,
975 661 1286 705 etvvocativus
1321 663 1501 719 pluralis
1537 663 1663 705 idem

266 728 357 766 est,
391 717 524 759 huius
545 717 683 767 docti,
703 719 749 761 hi
773 721 890 762 docti
901 730 943 762 et
968 733 994 760 o
1018 719 1152 762 docti.
1213 723 1260 761 ln
1288 719 1413 762 tertia
1434 718 1589 762 omnia
1610 719 1660 761 in

267 787 312 816 es
334 775 597 830 productam
616 776 920 830 terminantia,
961 790 1064 817 eum
1082 791 1206 832 pares
1229 778 1387 819 habeat
1416 775 1663 819 nominati-

265 844 325 872 vo
355 832 539 883 syllabas
570 831 819 888 genitivus,
861 831 1165 875 nominativus
1186 847 1362 890 quoque
1382 831 1586 890 pluralis,
1617 843 1664 874 et

267 887 567 944 accusativus,
611 898 655 930 et
680 889 914 932 vocativus
940 888 1062 930 idem
1086 900 1176 938 est,
1214 900 1263 931 ut
1297 890 1369 932 hic
1398 892 1571 940 Verres,
1613 887 1661 930 hi

271 953 316 986 et
332 945 415 985 hos
439 955 483 986 et
502 959 528 987 o
549 945 718 991 Verres,
747 949 855 990 haec
887 948 1063 998 caedes,
1105 948 1188 987 hae
1210 957 1254 987 et
1274 949 1352 988 has
1376 956 1421 987 et
1448 959 1472 986 o
1494 947 1666 988 caedes.

270 1003 323 1043 In
353 1012 503 1056 quarta
537 1001 671 1044 ctiam
703 1002 928 1060 genitivus
967 1001 1227 1056 singularis,
1269 1013 1314 1044 et
1344 1001 1662 1050 nominativus,

271 1067 318 1099 et
336 1056 640 1113 accusativus,
679 1073 723 1101 et
744 1059 976 1101 vocativus
1007 1059 1184 1113 pluraIis
1213 1059 1331 1100 idem
1349 1070 1427 1100 est.
1486 1057 1666 1114 Quippe

271 1112 323 1154 in
357 1112 569 1156 omnibus
601 1115 670 1157 his
704 1116 877 1157 casibus
908 1115 1175 1171 producitur
1209 1130 1284 1163 us,
1325 1114 1457 1156 huius
1487 1114 1664 1166 fluctus,

269 1167 321 1212 hi
342 1181 389 1211 et
417 1173 499 1212 hos
527 1181 572 1211 et
601 1185 627 1212 o
661 1174 839 1214 fluctus.
899 1175 950 1214 ln
980 1172 1133 1226 quinta
1162 1185 1341 1227 quoque
1361 1170 1683 1218 declinatione

272 1225 420 1268 omnis
442 1226 752 1270 nominativus
781 1240 825 1269 et
850 1227 1086 1270 vocativus
1111 1226 1362 1283 singularis,
1386 1238 1431 1270 et
1460 1225 1665 1269 nomina-

270 1281 392 1324 tivus
433 1295 478 1325 et
506 1285 789 1327 accusativus
831 1295 876 1326 et
909 1283 1143 1326 vocativus
1174 1282 1386 1339 pluralis,
1430 1283 1552 1325 idem
1582 1294 1662 1331 est,

269 1350 325 1381 ut
345 1341 453 1382 haec
473 1351 517 1382 et
539 1355 565 1383 o
587 1356 680 1394 res,
711 1357 828 1398 spes,
860 1339 1018 1387 facies.
1050 1343 1134 1381 hae
1155 1351 1198 1381 et
1222 1343 1296 1381 has
1322 1350 1365 1380 et
1383 1355 1409 1382 o
1431 1355 1521 1393 res,
1551 1354 1663 1397 spes,

202 1403 248 1439 52
272 1395 423 1441 facies.
482 1399 577 1439 Nec
601 1400 747 1440 solum
766 1397 815 1439 in
837 1396 1125 1445 nominibus,
1167 1397 1243 1437 sed
1273 1395 1409 1437 etiarn
1433 1395 1482 1439 in
1503 1409 1665 1453 prono·

270 1450 475 1494 minibus
510 1453 718 1496 invenies
748 1455 971 1510 quaedam
1011 1451 1271 1494 communia
1310 1451 1546 1508 utriusque
1579 1467 1668 1494 nu-

270 1508 405 1555 meri,
439 1520 491 1550 ut
514 1509 564 1550 in
594 1510 680 1559 his,
717 1525 824 1567 quae
850 1508 1110 1566 genitivum
1137 1510 1207 1551 vel
1230 1507 1435 1550 dativum
1465 1508 1668 1565 singula-

271 1580 366 1608 rem
387 1563 436 1606 in
454 1563 470 1608 i
491 1566 750 1615 terminant,
785 1578 829 1609 et
849 1565 1056 1607 similiter
1073 1564 1415 1608 nominativum
1433 1567 1664 1622 pluraiem,

270 1633 324 1664 ut
344 1620 459 1671 mei,
509 1622 602 1673 tui,
640 1623 732 1672 sui,
772 1623 935 1670 nostri,
975 1622 1137 1671 vestri,
1177 1620 1268 1673 illi,
1310 1620 1411 1670 isti,
1452 1620 1565 1678 ipsi,
1607 1620 1664 1664 ei.

272 1679 367 1737 Qui
410 1692 590 1745 quoque
630 1692 721 1722 tam
761 1677 1000 1735 singularis
1040 1690 1105 1720 est
1144 1677 1479 1723 nominativus.
1530 1692 1667 1734 quam

269 1736 470 1793 pluralis.
529 1740 579 1778 In
619 1734 872 1793 participiis
921 1749 1103 1791 quoque
1144 1734 1389 1776 mobilibus
1430 1734 1553 1791 idem
1597 1733 1663 1782 fit,

271 1795 396 1848 quod
426 1792 475 1834 in
506 1793 785 1836 nominibus.
847 1794 963 1834 Nam
992 1790 1041 1832 in
1071 1790 1220 1832 verbis
1251 1792 1373 1832 nulla
1405 1805 1493 1832 vox
1514 1791 1666 1832 eadem

271 1849 395 1905 apud
421 1848 606 1894 Latinos
626 1848 862 1907 singularis
894 1851 970 1904 est}
989 1858 1034 1890 et
1052 1846 1259 1904 plurali&
1313 1849 1427 1889 Sunt
1450 1847 1667 1904 quaedam

317 2014 352 2058 §-
371 2023 427 2058 51.
454 2017 504 2049 In
529 2015 643 2049 tertia
670 2014 792 2048 omnia
819 2014 859 2048 in
883 2025 922 2047 es
932 2013 1162 2058 productam.
1211 2014 1263 2046 Es
1283 2010 1401 2046 codd.
1422 2009 1556 2045 Zwicc.
1579 2022 1610 2045 ι.
1631 2022 1667 2057 23

362 2059 475 2095 Luth.
495 2060 597 2106 Lips.
622 2073 650 2095 1.
675 2072 706 2094 2.
728 2060 805 2094 Erl.
834 2071 863 2094 1.
887 2071 919 2093 2.
941 2057 1035 2093 Edd.
1058 2059 1153 2092 Ven.
1179 2069 1208 2092 1.
1232 2069 1264 2092 2.
1315 2056 1390 2092 Sed
1409 2055 1608 2113 Fut-schint
1634 2067 1664 2092 ε.

324 2103 339 2108 “
362 2105 458 2142 Edd.
477 2104 561 2142 Bas.
591 2107 724 2141 Colon.
748 2118 777 2140 r.

316 2165 352 2209 §-
373 2174 430 2208 52.
458 2165 565 2199 nulla
588 2177 658 2198 vox
675 2165 802 2198 eadem
829 2164 932 2207 apud
949 2163 1108 2196 Latinos
1133 2162 1191 2194 sin
1219 2160 1337 2194 alaris
1360 2166 1475 2202 estet
1488 2159 1668 2206 pluralis.

362 2210 431 2245 His
460 2211 604 2245 addunt
633 2210 723 2244 libri
762 2209 874 2251 editi,
916 2213 1102 2254 quotquot
1130 2219 1175 2240 oe
1218 2207 1249 2241 is
1278 2207 1474 2252 usurpavi,
1514 2206 1603 2251 quia
1627 2205 1670 2239 id

325 2270 329 2273 ·
361 2257 466 2300 apud
483 2259 640 2291 Graecos
659 2257 842 2289 interdum
857 2255 1057 2294 invenitur,
1072 2259 1112 2286 ut
1130 2248 1252 2296 ἦλθον
1269 2251 1351 2297 ἐγώ,
1379 2248 1502 2295 ἦλθον
1519 2249 1666 2287 ἐκεῖνοι.

360 2301 565 2336 Neminem
585 2302 670 2335 fore
695 2307 802 2346 puto,
829 2299 934 2345 quin,
959 2309 1074 2344 quam
1100 2297 1340 2332 incommode
1368 2297 1462 2331 haec
1489 2306 1561 2341 per
1580 2297 1669 2341 quia

360 2347 675 2382 antecedentibus
701 2347 986 2386 subnectantur,
1015 2343 1164 2377 sentiat.
1215 2343 1255 2378 Si
1275 2342 1393 2388 igitur
1420 2353 1509 2376 sana
1528 2346 1667 2383 essent,

360 2399 572 2439 praestaret
599 2405 686 2428 cum
715 2391 807 2426 cod.
829 2390 962 2424 Zwicc.
988 2402 1017 2424 1.
1040 2390 1170 2434 legere
1191 2390 1287 2435 quod
1310 2401 1379 2434 pro
1407 2389 1495 2434 quia
1523 2388 1575 2422 id.
1621 2388 1671 2420 At

360 2450 454 2473 vero
482 2439 682 2484 glossatori
708 2438 804 2471 haec
833 2436 961 2470 omnia
987 2435 1194 2477 debentur,
1230 2445 1320 2479 ergo
1351 2447 1445 2477 nec,
1479 2432 1668 2480 quomodo

361 2483 680 2521 accommodanda
698 2484 774 2518 sint
795 2482 970 2524 caeteris,
995 2481 1243 2516 laborandum
1263 2487 1329 2515 est.
1380 2482 1427 2515 In
1448 2478 1543 2514 Cod.
1555 2477 1668 2513 Luth.

360 2532 573 2577 marginem
600 2534 900 2576 occupaverunt,
927 2534 966 2562 et
994 2528 1039 2561 ab
1070 2527 1194 2561 aliena
1219 2538 1335 2560 manu
1363 2525 1551 2571 adscripta
1569 2530 1668 2558 sunt.

363 2577 589 2614 omiserunt
615 2577 723 2611 MSS.
747 2575 850 2621 Lips.
876 2587 906 2608 1.
929 2587 960 2609 2.
995 2573 1171 2608 Heidelh.
1195 2573 1273 2607 Erl.
1299 2586 1331 2607 2.
1354 2572 1486 2608 Zwicc.
1508 2583 1541 2607 2.
1592 2570 1670 2616 Qui

361 2622 523 2658 Codices
552 2634 639 2657 cum
667 2623 742 2656 sint
774 2620 945 2656 omnium
970 2619 1309 2665 praestantissimi,
1339 2630 1418 2653 non
1442 2617 1577 2662 video,
1603 2627 1671 2651 cur

362 2681 442 2704 non
461 2668 670 2714 parendum
699 2668 747 2702 iis
767 2668 829 2702 sit.

321 2716 468 2762 quando
488 2714 552 2750 vel
567 2712 734 2751 eventus.
780 2712 912 2757 Adjeci
932 2723 953 2746 e
975 2710 1092 2747 Codd.
1113 2710 1183 2747 vel.
