1748 3112
311 265 390 309 414
687 269 812 326 ms.
846 269 981 310 vm.
1041 268 1182 311 CAP.
1214 273 1341 313 X1v.

313 394 355 422 o.
378 378 603 422 Iuvenalis
624 380 670 420 in
689 383 742 422 Π.
757 382 876 421 Nota
896 383 1208 423 mathematicis
1225 387 1384 437 genesio
1405 393 1495 425 tua.
1554 380 1704 443 Virgi-

310 438 399 479 lius
430 436 477 478 in
508 435 756 478 Bucolicis:
788 440 980 492 Namque
999 443 1148 480 notavi
1176 443 1260 493 ipse
1285 443 1436 490 locum,
1454 446 1596 494 aeriae
1623 455 1705 497 qno

311 509 544 548 congessere
576 495 803 547 palumbes.
864 497 977 536 Sunt
1013 506 1161 536 tamen
1194 498 1408 551 quaedam
1445 498 1704 555 deficientia

308 550 358 592 in
386 548 587 606 supinis,
631 564 740 607 quae
762 564 859 603 raro
889 551 1062 592 faciunt
1085 552 1433 608 frequentativa,
1457 559 1519 596 'ut
1537 566 1705 613 {flegreo

309 621 513 664 aegresco
546 616 588 647 et
613 619 808 664 aegroto.
870 607 1082 664 Virgilius
1115 607 1163 649 in
1186 612 1277 650 ΧΙΙ.
1305 612 1603 667 Aegreseitqae
1622 627 1706 652 me-

309 665 452 704 dendo.
511 666 570 705 Et
606 675 710 705 sunt
741 663 892 706 omnia
927 665 1251 720 frequentativa
1285 666 1452 721 primae
1489 673 1704 725 conjuga-

307 719 445 762 tionis
467 730 510 760 et
538 731 715 762 servant
742 720 1124 778 significationem
1149 722 1513 777 primitivorumt
1540 719 1705 781 quain-

306 776 376 817 vis
399 776 635 818 videantur
663 780 876 833 quaedam
909 793 959 818 ex
980 776 1050 818 his
1071 778 1118 818 in
1140 778 1274 819 alium
1300 793 1477 822 sensum
1499 780 1702 832 transire,

304 845 358 875 ut
388 835 513 874 traho
544 845 708 881 tracto,
751 848 862 890 cogo
897 833 1073 888 cogit0,
1114 834 1216 875 dico
1247 834 1382 878 dicto.
1443 838 1531 880 Sed
1547 837 1582 878 si
1605 837 1703 893 quis

306 890 516 931 attentius
546 889 782 946 inspiciat,
826 905 915 930 non
932 889 1110 945 penitus
1135 890 1356 933 absistunt
1383 908 1527 950 neque
1544 897 1658 939 haec
1678 908 1702 936 a

239 955 283 1001 26
306 946 645 1003 primitivorum
689 946 1038 1003 significatione.
1098 949 1356 989 Notandum
1384 960 1531 991 tamen
1566 949 1703 991 etiam

303 1014 450 1045 sector
467 1003 662 1051 sectaris,
695 1004 817 1059 quod
849 1003 1125 1044 differentiae
1157 1019 1284 1045 causa
1306 1016 1414 1060 puto
1443 1021 1522 1062 per
1542 1014 1707 1059 sync‘o-

301 1070 404 1117 pam
435 1075 465 1100 u
484 1059 757 1114 penultimae
792 1061 1034 1111 prolatum,
1067 1075 1125 1101 ne
1149 1074 1314 1102 nomen
1337 1073 1541 1116 putetur,
1573 1060 1707 1104 si‘se—

303 1127 432 1158 cutor
450 1117 723 1164 diceremus,
758 1130 859 1157 cum
891 1116 1100 1171 supinum
1124 1116 1348 1171 primitivi
1370 1122 1464 1170 ejus
1499 1130 1705 1162 secutum

304 1183 383 1214 est.
444 1177 563 1216 Raro
595 1184 742 1214 tamen
779 1171 1081 1213 derivationes
1111 1174 1421 1225 hujuscemodi
1450 1174 1704 1232 specierum

303 1229 427 1271 fiunt
455 1244 479 1271 a
499 1229 647 1271 verbis
680 1228 730 1270 in
760 1242 810 1271 or
829 1228 1152 1270 desinentibus.
1213 1232 1327 1272 Sunt
1345 1243 1574 1287 praeterea
1587 1233 1704 1274 -aliae

301 1285 469 1340 species
510 1285 862 1328 derivativorum
896 1285 1050 1326 variae
1079 1296 1167 1327 tam
1206 1286 1537 1338 terminationis
1567 1298 1702 1346 qnam

301 1341 648 1398 significationis
663 1374 674 1391 ,
707 1353 757 1384 ut
777 1357 799 1383 a
817 1341 954 1383 video
971 1341 1072 1383 viso
1091 1342 1224 1389 visis,
1258 1343 1303 1384 id
1329 1354 1396 1385 est
1417 1345 1551 1402 cupio
1571 1345 1704 1387 vide-

300 1414 362 1440 re.
375 1409 385 1425 ⁵
422 1398 633 1454 Virgilius
666 1399 715 1440 in
753 1402 865 1441 vm.
897 1401 1013 1438 Nam
1057 1404 1229 1440 memini
1258 1404 1466 1441 Hesionae
1507 1407 1702 1443 visentem

300 1471 432 1510 regna
462 1459 615 1496 sororis
655 1456 1054 1495 Laomedontiaclem
1076 1459 1326 1505 Priamum,
1385 1457 1607 1500 visentem
1634 1458 1701 1500 di-

297 1511 365 1562 xit
393 1525 474 1566 pro
506 1511 763 1567 cupientem
784 1510 959 1564 videre,
1001 1513 1123 1567 quod
1145 1512 1298 1554 Graeci
1332 1513 1490 1555 dicunt
1515 1513 1699 1569 ὗψίοντα.

298 1568 454 1610 Simile
465 1579 532 1610 est
542 1567 658 1610 facio
671 1569 855 1615 facesso,
869 1567 997 1624 capio
1009 1582 1202 1624 capesso,
1216 1571 1358 1611 lacero
1370 1571 1546 1619 lacesso,
1572 1584 1699 1614 arceo

296 1638 487 1677 arcesso,
507 1624 628 1666 accio
643 1639 834 1673 accerso,
858 1639 969 1680 quae
989 1639 1077 1665 non
1093 1639 1187 1665 esse
1202 1626 1527 1681 frequentativa
1541 1633 1699 1680 conju*—

298 1680 419 1738 gatio
429 1681 604 1724 ostendi
611 1693 636 1726 t.
646 1684 885 1725 Possumus
895 1691 1044 1723 tamen
1055 1695 1103 1723 ea
1115 1695 1207 1723 uon
1220 1681 1464 1740 incongrue
1474 1684 1694 1728 desidera-

344 1848 475 1880 laven.
498 1847 537 1879 in
556 1848 611 1881 Π.
636 1846 712 1880 Sat.
734 1846 832 1880 XIV.
863 1850 941 1889 248.
996 1846 1096 1893 Vir-g.
1120 1847 1159 1879 in
1176 1848 1266 1881 Buc.
1292 1846 1374 1882 Ecl.
1398 1847 1469 1882 III.
1490 1859 1544 1882 vs.
1569 1847 1624 1895 69.

347 1893 450 1937 Virg.
473 1892 511 1925 in
531 1893 624 1927 ΧΙΙ.
644 1893 701 1936 46.
751 1893 844 1926 Mox
863 1903 931 1937 pro
946 1898 1101 1937 putetur
1120 1893 1201 1926 MS.
1225 1892 1336 1926 Luth.
1355 1900 1565 1939 putaretur.
1604 1896 1694 1929 Pro²

386 1936 510 1970 banda
528 1936 681 1972 videtur
697 1937 791 1972 haec
811 1938 938 1972 lectio.

341 1983 376 2027 §-
394 1983 451 2028 76.
482 1984 581 2029 Virg.
601 1985 639 2017 in
664 1986 773 2018 VIII.
788 1995 841 2018 vs.
867 1995 941 2030 157.
992 1983 1087 2018 Tres
1104 1994 1279 2018 meorum
1288 1983 1472 2019 Codicum
1488 1987 1693 2021 Hesionen.

388 2027 482 2062 Edd.
502 2029 595 2063 Ven.
629 2030 839 2063 Hesionem.
1549 2044 1558 2052 ⁶

343 2086 463 2120 lacero
481 2085 634 2122 lacesso.
681 2087 754 2120 Pro
777 2086 898 2120 lacero
918 2086 1031 2132 vulgo
1061 2087 1204 2132 legitur
1225 2087 1332 2121 lucio.
1378 2086 1567 2134 Equidem
1586 2099 1637 2126 se,
1678 2090 1692 2123 i

388 2131 504 2166 debui
528 2132 794 2166 auctoritatem
814 2132 997 2167 Codicum
1026 2145 1201 2167 meorum
1227 2133 1396 2167 unanimi
1423 2145 1610 2168 consensu
1628 2101 1691 2168 Zil-

386 2189 467 2213 cero
485 2177 767 2221 exhibentium,
793 2190 890 2224 quae
919 2178 1034 2213 lectio
1063 2179 1103 2213 in
1131 2179 1369 2214 Editiom'bus
1400 2180 1516 2214 etiam
1535 2181 1691 2214 Venetis

385 2224 589 2268 reperitur.
641 2225 699 2259 Cf.
722 2225 866 2259 Charis.
886 2226 978 2259 Inst.
1004 2226 1071 2259 Gr.
1094 2227 1164 2260 111.
1188 2225 1337 2260 Putseh.
1357 2237 1483 2279 p.227.
1506 2233 1548 2260 ut
1567 2225 1690 2263 laces-

384 2281 426 2303 so
446 2276 482 2303 et
491 2269 646 2315 facesso
669 2284 714 2305 ex
741 2283 806 2312 eo,
832 2272 928 2316 quod
944 2277 1002 2305 est
1031 2271 1151 2305 lacero
1182 2278 1220 2305 et
1241 2270 1362 2316 facio.
1410 2273 1536 2306 Diom.
1555 2271 1637 2306 Lib.
1658 2274 1687 2306 I.

383 2327 422 2361 p.
441 2325 519 2361 375.
542 2315 646 2350 velut
672 2317 814 2350 lacesso
833 2330 876 2350 ex
897 2329 958 2358 eo,
983 2317 1080 2362 quod
1105 2322 1162 2350 est
1183 2317 1314 2350 laceto.
1361 2317 1510 2351 Phocae
1528 2318 1597 2350 Ars
1619 2317 1687 2352 Gr.

333 2402 336 2404 v
383 2360 536 2396 Putsch.
558 2373 596 2406 p.
621 2374 719 2408 1711.
737 2368 887 2407 excepto
909 2361 1062 2402 lacesso,
1087 2363 1183 2407 quod
1201 2364 1303 2395 venit
1324 2374 1346 2394 a
1370 2362 1502 2397 lacero.
1538 2363 1688 2397 Alcuini

384 2407 454 2442 Gr.
480 2407 580 2452 apud
610 2407 775 2443 eundem
800 2419 836 2451 p.
861 2419 962 2441 2111.
993 2418 1016 2439 a
1045 2405 1166 2440 lacero
1195 2408 1346 2442 lacesso.
1395 2419 1499 2442 arceo
1528 2420 1686 2444 excesso.

382 2453 535 2487 Putsch.
570 2465 657 2488 cum
684 2452 766 2487 Ald.
789 2454 875 2487 Bas.
899 2453 1031 2487 Colon.
1051 2452 1171 2486 edidit
1196 2455 1305 2489 arcio.
1355 2455 1432 2487 Nos
1460 2454 1685 2490 auctoritate

381 2499 593 2533 MSSorum
618 2499 755 2534 Dresd.
775 2498 887 2533 Luth.
906 2499 1007 2544 Lips.
1031 2510 1061 2532 1.
1084 2510 1115 2533 2.
1138 2510 1171 2543 3.
1194 2498 1271 2532 Erl.
1300 2511 1329 2533 1.
1352 2512 1383 2534 2.
1414 2499 1509 2534 Edd.
1533 2501 1625 2536 Ven.
1651 2513 1682 2535 1.

358 2557 360 2559 ·
384 2557 415 2580 2.
439 2545 624 2579 edidimus
640 2557 756 2581 arceo.
804 2545 858 2588 Ab
878 2544 950 2579 hoc
969 2544 1072 2578 enim
1100 2545 1282 2579 vocabulo
1301 2545 1466 2580 derivari
1482 2546 1685 2582 voluerunt

384 2591 634 2630 Gitammatici
662 2592 820 2626 verbum
853 2603 1048 2625 arcessere.
1115 2591 1173 2625 Cf.
1202 2591 1328 2625 Diem.
1361 2591 1443 2626 Lib.
1471 2593 1501 2626 Ι.
1532 2603 1567 2638 p.
1601 2604 1680 2639 375.

382 2637 534 2672 Putsch.
567 2649 747 2672 arcer-sere
779 2639 984 2682 (arcessere
1019 2637 1262 2671 scribendum
1291 2649 1395 2680 esse,
1428 2644 1507 2672 tam
1534 2645 1682 2672 certum

381 2689 451 2726 est,
472 2693 589 2730 >quam
608 2683 709 2730 quod
730 2682 998 2726 certissimum)
1019 2689 1142 2716 autem
1158 2694 1330 2717 accusare
1349 2684 1551 2729 significat,
1575 2683 1678 2718 evah

323 2745 325 2747 -
383 2741 488 2763 arceo
508 2730 698 2763 nascitur.-
727 2731 863 2763 etenim
888 2728 1003 2762 alium
1020 2739 1193 2762 accusare
1219 2741 1243 2761 a
1260 2729 1454 2774 maleficiis
1471 2732 1593 2764 arcere
1609 2735 1676 2764 est.

386 2774 535 2810 Alcuim'
555 2775 622 2812 Gr.
644 2786 681 2820 p.
699 2786 800 2810 2111.
823 2786 851 2808 s.
873 2774 938 2808 fin.
956 2773 1107 2807 Putsch.
1128 2774 1175 2808 ab
1204 2786 1309 2809 arceo
1329 2785 1484 2809 arcesso-
1538 2779 1540 2782 ’
