<?xml version="1.0" encoding="UTF-8"?>
<!DOCTYPE html PUBLIC "-//W3C//DTD XHTML 1.0 Transitional//EN"
    "http://www.w3.org/TR/xhtml1/DTD/xhtml1-transitional.dtd">
<html xmlns="http://www.w3.org/1999/xhtml" xml:lang="en" lang="en">
 <head>
  <title>
</title>
<meta http-equiv="Content-Type" content="text/html;charset=utf-8" />
  <meta name='ocr-system' content='tesseract 3.04.00' />
  <meta name='ocr-capabilities' content='ocr_page ocr_carea ocr_par ocr_line ocrx_word'/>
</head>
<body>
  <div class='ocr_page' id='page_1' title='image "./priscianicaesari01prisuoft/priscianicaesari01prisuoft_0624.png"; bbox 0 0 1748 3112; ppageno 0'>
   <div class='ocr_carea' id='block_1_1' title="bbox 295 255 1354 313">
    <p class='ocr_par' dir='ltr' id='par_1_1' title="bbox 295 255 1354 313">
     <span class='ocr_line' id='line_1_1' title="bbox 295 255 1354 313; baseline 0.004 -18"><span class='ocrx_word' id='word_1_1' title='bbox 295 257 374 313; x_wconf 73' lang='lat'>592</span> <span class='ocrx_word' id='word_1_2' title='bbox 658 256 784 298; x_wconf 84' lang='lat' dir='ltr'><strong>LIB.</strong></span> <span class='ocrx_word' id='word_1_3' title='bbox 815 256 935 299; x_wconf 76' lang='lat' dir='ltr'>x1v.</span> <span class='ocrx_word' id='word_1_4' title='bbox 1000 255 1141 299; x_wconf 78' lang='lat' dir='ltr'>CAP.</span> <span class='ocrx_word' id='word_1_5' title='bbox 1170 258 1233 299; x_wconf 81' lang='grc' dir='ltr'>ιι.</span> <span class='ocrx_word' id='word_1_6' title='bbox 1262 255 1354 300; x_wconf 89' lang='lat'>111.</span> 
     </span>
    </p>
   </div>
   <div class='ocr_carea' id='block_1_2' title="bbox 205 362 1748 2419">
    <p class='ocr_par' dir='ltr' id='par_1_2' title="bbox 295 362 1748 540">
     <span class='ocr_line' id='line_1_2' title="bbox 295 362 1748 434; baseline 0.003 -22"><span class='ocrx_word' id='word_1_7' title='bbox 295 381 391 413; x_wconf 83' lang='lat' dir='ltr'>tant</span> <span class='ocrx_word' id='word_1_8' title='bbox 413 378 645 411; x_wconf 81' lang='lat' dir='ltr'>accentum</span> <span class='ocrx_word' id='word_1_9' title='bbox 669 367 754 409; x_wconf 87' lang='lat' dir='ltr'>sibi</span> <span class='ocrx_word' id='word_1_10' title='bbox 787 367 1069 413; x_wconf 83' lang='lat' dir='ltr'>destinatum.</span> <span class='ocrx_word' id='word_1_11' title='bbox 1127 371 1400 413; x_wconf 82' lang='lat' dir='ltr'>Terentius</span> <span class='ocrx_word' id='word_1_12' title='bbox 1386 388 1434 415; x_wconf 82' lang='lat' dir='ltr'>m</span> <span class='ocrx_word' id='word_1_13' title='bbox 1452 376 1697 418; x_wconf 76' lang='lat' dir='ltr'>Eunucho·</span> <span class='ocrx_word' id='word_1_14' title='bbox 1738 362 1748 434; x_wconf 59' lang='lat' dir='ltr'>i</span> 
     </span>
     <span class='ocr_line' id='line_1_3' title="bbox 296 427 1748 504; baseline 0.003 -35"><span class='ocrx_word' id='word_1_15' title='bbox 296 429 559 482; x_wconf 77' lang='lat' dir='ltr'><em>Perpulchra</em></span> <span class='ocrx_word' id='word_1_16' title='bbox 586 427 704 464; x_wconf 80' lang='lat' dir='ltr'>credo</span> <span class='ocrx_word' id='word_1_17' title='bbox 733 442 930 474; x_wconf 78' lang='lat' dir='ltr'>munera,</span> <span class='ocrx_word' id='word_1_18' title='bbox 961 428 1084 467; x_wconf 77' lang='lat' dir='ltr'>haud</span> <span class='ocrx_word' id='word_1_19' title='bbox 1098 434 1254 469; x_wconf 65' lang='lat' dir='ltr'>nostris</span> <span class='ocrx_word' id='word_1_20' title='bbox 1278 433 1456 471; x_wconf 75' lang='lat' dir='ltr'>similia.</span> <span class='ocrx_word' id='word_1_21' title='bbox 1514 434 1577 474; x_wconf 89' lang='lat' dir='ltr'>Et</span> <span class='ocrx_word' id='word_1_22' title='bbox 1594 435 1694 473; x_wconf 81' lang='lat' dir='ltr'>Lu·</span> <span class='ocrx_word' id='word_1_23' title='bbox 1739 446 1748 504; x_wconf 57' lang='grc'>1</span> 
     </span>
     <span class='ocr_line' id='line_1_4' title="bbox 296 483 1748 540; baseline 0.001 -13"><span class='ocrx_word' id='word_1_24' title='bbox 296 500 433 529; x_wconf 84' lang='lat' dir='ltr'>canus</span> <span class='ocrx_word' id='word_1_25' title='bbox 455 483 502 523; x_wconf 88' lang='lat' dir='ltr'>in</span> <span class='ocrx_word' id='word_1_26' title='bbox 525 485 576 524; x_wconf 90' lang='lat'>11.</span> <span class='ocrx_word' id='word_1_27' title='bbox 609 483 727 522; x_wconf 74' lang='lat' dir='ltr'><em>Proh</em></span> <span class='ocrx_word' id='word_1_28' title='bbox 748 487 898 524; x_wconf 65' lang='lat' dir='ltr'>mistio</span> <span class='ocrx_word' id='word_1_29' title='bbox 911 485 1037 538; x_wconf 71' lang='lat' dir='ltr'>fata,</span> <span class='ocrx_word' id='word_1_30' title='bbox 1070 487 1275 540; x_wconf 77' lang='lat' dir='ltr'>quisfuit</span> <span class='ocrx_word' id='word_1_31' title='bbox 1296 489 1367 526; x_wconf 85' lang='lat' dir='ltr'>ille</span> <span class='ocrx_word' id='word_1_32' title='bbox 1385 489 1491 536; x_wconf 69' lang='lat' dir='ltr'>dies,</span> <span class='ocrx_word' id='word_1_33' title='bbox 1519 490 1692 529; x_wconf 69' lang='lat' dir='ltr'>Inar-itu</span> <span class='ocrx_word' id='word_1_34' title='bbox 1744 508 1748 536; x_wconf 65' lang='lat'>¹,</span> 
     </span>
    </p>

    <p class='ocr_par' dir='ltr' id='par_1_3' title="bbox 227 538 1748 1223">
     <span class='ocr_line' id='line_1_5' title="bbox 227 542 1748 608; baseline 0.001 -24"><span class='ocrx_word' id='word_1_35' title='bbox 227 561 270 596; x_wconf 76' lang='lat'>³7</span> <span class='ocrx_word' id='word_1_36' title='bbox 296 559 375 598; x_wconf 81' lang='lat' dir='ltr'>quo</span> <span class='ocrx_word' id='word_1_37' title='bbox 392 544 555 582; x_wconf 74' lang='lat' dir='ltr'>moenia</span> <span class='ocrx_word' id='word_1_38' title='bbox 577 543 725 580; x_wconf 72' lang='lat' dir='ltr'>victor.</span> <span class='ocrx_word' id='word_1_39' title='bbox 789 542 884 582; x_wconf 90' lang='lat' dir='ltr'>Hoc</span> <span class='ocrx_word' id='word_1_40' title='bbox 909 552 1055 582; x_wconf 86' lang='lat' dir='ltr'>tamen</span> <span class='ocrx_word' id='word_1_41' title='bbox 1092 556 1272 608; x_wconf 86' lang='lat' dir='ltr'>quoque</span> <span class='ocrx_word' id='word_1_42' title='bbox 1296 544 1485 586; x_wconf 86' lang='lat' dir='ltr'>Graecis</span> <span class='ocrx_word' id='word_1_43' title='bbox 1497 543 1693 586; x_wconf 82' lang='lat' dir='ltr'>auctori·</span> <span class='ocrx_word' id='word_1_44' title='bbox 1744 546 1748 604; x_wconf 56' lang='grc' dir='ltr'>ᾗ</span> 
     </span>
     <span class='ocr_line' id='line_1_6' title="bbox 293 595 1748 659; baseline 0.003 -20"><span class='ocrx_word' id='word_1_45' title='bbox 293 602 377 643; x_wconf 86' lang='lat' dir='ltr'>bus</span> <span class='ocrx_word' id='word_1_46' title='bbox 407 596 611 638; x_wconf 86' lang='lat' dir='ltr'>facimus.</span> <span class='ocrx_word' id='word_1_47' title='bbox 650 595 776 638; x_wconf 87' lang='lat' dir='ltr'>Sicut</span> <span class='ocrx_word' id='word_1_48' title='bbox 803 596 925 639; x_wconf 89' lang='lat' dir='ltr'>enim</span> <span class='ocrx_word' id='word_1_49' title='bbox 956 599 1308 654; x_wconf 79' lang='lat' dir='ltr'>praepositiones</span> <span class='ocrx_word' id='word_1_50' title='bbox 1337 602 1439 643; x_wconf 91' lang='lat' dir='ltr'>loco</span> <span class='ocrx_word' id='word_1_51' title='bbox 1459 600 1694 643; x_wconf 85' lang='lat' dir='ltr'>adverbio-</span> <span class='ocrx_word' id='word_1_52' title='bbox 1743 611 1748 659; x_wconf 65' lang='lat' dir='ltr'><strong>j</strong></span> 
     </span>
     <span class='ocr_line' id='line_1_7' title="bbox 293 648 1748 712; baseline -0.001 -13"><span class='ocrx_word' id='word_1_53' title='bbox 293 672 419 703; x_wconf 82' lang='lat' dir='ltr'>rum,</span> <span class='ocrx_word' id='word_1_54' title='bbox 481 653 545 695; x_wconf 89' lang='lat' dir='ltr'>sic</span> <span class='ocrx_word' id='word_1_55' title='bbox 582 652 718 694; x_wconf 86' lang='lat' dir='ltr'>etiam</span> <span class='ocrx_word' id='word_1_56' title='bbox 759 648 967 696; x_wconf 82' lang='lat' dir='ltr'>adverbia</span> <span class='ocrx_word' id='word_1_57' title='bbox 1010 656 1110 697; x_wconf 88' lang='lat' dir='ltr'>loco</span> <span class='ocrx_word' id='word_1_58' title='bbox 1136 656 1519 712; x_wconf 81' lang='lat' dir='ltr'><strong>praepositionum</strong></span> <span class='ocrx_word' id='word_1_59' title='bbox 1547 658 1694 703; x_wconf 68' lang='lat' dir='ltr'>solent</span> <span class='ocrx_word' id='word_1_60' title='bbox 1744 670 1748 698; x_wconf 74' lang='grc' dir='ltr'>,ῑ</span> 
     </span>
     <span class='ocr_line' id='line_1_8' title="bbox 294 711 1692 778; baseline 0.006 -26"><span class='ocrx_word' id='word_1_61' title='bbox 294 711 422 772; x_wconf 84' lang='lat' dir='ltr'>poni.</span> <span class='ocrx_word' id='word_1_62' title='bbox 457 714 700 772; x_wconf 78' lang='lat' dir='ltr'>Homerus.</span> <span class='ocrx_word' id='word_1_63' title='bbox 729 714 795 768; x_wconf 74' lang='grc' dir='ltr'>γε’)</span> <span class='ocrx_word' id='word_1_64' title='bbox 798 727 868 754; x_wconf 84' lang='grc' dir='ltr'>ασε</span> <span class='ocrx_word' id='word_1_65' title='bbox 890 712 933 754; x_wconf 80' lang='grc' dir='ltr'>δὲ</span> <span class='ocrx_word' id='word_1_66' title='bbox 951 718 1062 755; x_wconf 79' lang='grc' dir='ltr'><strong><em>πᾶσα</em></strong></span> <span class='ocrx_word' id='word_1_67' title='bbox 1080 715 1173 778; x_wconf 81' lang='grc' dir='ltr'><em>περὶ</em></span> <span class='ocrx_word' id='word_1_68' title='bbox 1194 714 1323 769; x_wconf 78' lang='grc' dir='ltr'><em>χθών,</em></span> <span class='ocrx_word' id='word_1_69' title='bbox 1353 720 1448 772; x_wconf 80' lang='grc' dir='ltr'>περι</span> <span class='ocrx_word' id='word_1_70' title='bbox 1464 728 1544 771; x_wconf 83' lang='lat' dir='ltr'>pro</span> <span class='ocrx_word' id='word_1_71' title='bbox 1563 717 1692 771; x_wconf 65' lang='grc' dir='ltr'>πέριξ,</span> 
     </span>
     <span class='ocr_line' id='line_1_9' title="bbox 294 763 1748 841; baseline 0.001 -30"><span class='ocrx_word' id='word_1_72' title='bbox 294 763 676 841; x_wconf 86' lang='lat' dir='ltr'>praepositionem</span> <span class='ocrx_word' id='word_1_73' title='bbox 698 766 853 832; x_wconf 85' lang='lat' dir='ltr'>posuit</span> <span class='ocrx_word' id='word_1_74' title='bbox 869 783 950 824; x_wconf 88' lang='lat' dir='ltr'>pro</span> <span class='ocrx_word' id='word_1_75' title='bbox 973 769 1203 812; x_wconf 82' lang='lat' dir='ltr'>adverbio.</span> <span class='ocrx_word' id='word_1_76' title='bbox 1262 773 1406 814; x_wconf 88' lang='lat' dir='ltr'>Idem.</span> <span class='ocrx_word' id='word_1_77' title='bbox 1426 773 1564 817; x_wconf 65' lang='grc' dir='ltr'>Ἴλιον</span> <span class='ocrx_word' id='word_1_78' title='bbox 1580 775 1693 825; x_wconf 64' lang='lat' dir='ltr'>stom,</span> <span class='ocrx_word' id='word_1_79' title='bbox 1741 766 1748 777; x_wconf 75' lang='lat'><strong>¹</strong></span> 
     </span>
     <span class='ocr_line' id='line_1_10' title="bbox 282 824 1748 892; baseline 0.003 -26"><span class='ocrx_word' id='word_1_80' title='bbox 282 842 377 885; x_wconf 20' lang='lat' dir='ltr'>*pro</span> <span class='ocrx_word' id='word_1_81' title='bbox 412 830 470 876; x_wconf 80' lang='grc' dir='ltr'>εἰς</span> <span class='ocrx_word' id='word_1_82' title='bbox 484 825 644 877; x_wconf 82' lang='grc' dir='ltr'>Ἴλιον,</span> <span class='ocrx_word' id='word_1_83' title='bbox 675 824 937 866; x_wconf 84' lang='lat' dir='ltr'>adverbium</span> <span class='ocrx_word' id='word_1_84' title='bbox 956 840 1036 882; x_wconf 85' lang='lat' dir='ltr'>pro</span> <span class='ocrx_word' id='word_1_85' title='bbox 1058 827 1400 892; x_wconf 85' lang='lat' dir='ltr'>praepositione.</span> <span class='ocrx_word' id='word_1_86' title='bbox 1463 827 1625 872; x_wconf 75' lang='lat' dir='ltr'>Nihil·</span> <span class='ocrx_word' id='word_1_87' title='bbox 1612 826 1695 884; x_wconf 74' lang='lat' dir='ltr'>igi-</span> <span class='ocrx_word' id='word_1_88' title='bbox 1743 847 1748 876; x_wconf 93' lang='grc'>,·</span> 
     </span>
     <span class='ocr_line' id='line_1_11' title="bbox 294 882 1695 952; baseline 0 -26"><span class='ocrx_word' id='word_1_89' title='bbox 294 896 369 926; x_wconf 88' lang='lat' dir='ltr'>tur</span> <span class='ocrx_word' id='word_1_90' title='bbox 391 882 584 929; x_wconf 89' lang='lat' dir='ltr'>mirum,</span> <span class='ocrx_word' id='word_1_91' title='bbox 617 883 736 948; x_wconf 87' lang='lat' dir='ltr'>apud</span> <span class='ocrx_word' id='word_1_92' title='bbox 754 896 835 923; x_wconf 90' lang='lat' dir='ltr'>nos</span> <span class='ocrx_word' id='word_1_93' title='bbox 865 897 1046 938; x_wconf 86' lang='lat' dir='ltr'>quoque</span> <span class='ocrx_word' id='word_1_94' title='bbox 1069 883 1418 950; x_wconf 72' lang='lat' dir='ltr'>praepositiones</span> <span class='ocrx_word' id='word_1_95' title='bbox 1436 900 1529 952; x_wconf 84' lang='lat' dir='ltr'>pro</span> <span class='ocrx_word' id='word_1_96' title='bbox 1541 886 1695 926; x_wconf 68' lang='lat' dir='ltr'>adver·</span> 
     </span>
     <span class='ocr_line' id='line_1_12' title="bbox 293 937 1694 995; baseline 0.001 -12"><span class='ocrx_word' id='word_1_97' title='bbox 293 940 404 988; x_wconf 85' lang='lat' dir='ltr'>biis,</span> <span class='ocrx_word' id='word_1_98' title='bbox 436 940 507 982; x_wconf 80' lang='lat' dir='ltr'>vel</span> <span class='ocrx_word' id='word_1_99' title='bbox 538 937 744 980; x_wconf 81' lang='lat' dir='ltr'>adverbia</span> <span class='ocrx_word' id='word_1_100' title='bbox 776 952 854 995; x_wconf 88' lang='lat' dir='ltr'>pro</span> <span class='ocrx_word' id='word_1_101' title='bbox 887 938 1302 995; x_wconf 70' lang='lat' dir='ltr'>piaepositionibus</span> <span class='ocrx_word' id='word_1_102' title='bbox 1334 941 1556 989; x_wconf 81' lang='lat' dir='ltr'>inveniri,</span> <span class='ocrx_word' id='word_1_103' title='bbox 1586 955 1694 983; x_wconf 80' lang='lat' dir='ltr'>cum</span> 
     </span>
     <span class='ocr_line' id='line_1_13' title="bbox 296 994 1692 1062; baseline 0 -22"><span class='ocrx_word' id='word_1_104' title='bbox 296 997 430 1041; x_wconf 89' lang='lat' dir='ltr'>etiam</span> <span class='ocrx_word' id='word_1_105' title='bbox 450 997 551 1038; x_wconf 93' lang='lat' dir='ltr'>loco</span> <span class='ocrx_word' id='word_1_106' title='bbox 578 994 779 1037; x_wconf 85' lang='lat' dir='ltr'>nominis</span> <span class='ocrx_word' id='word_1_107' title='bbox 802 1010 851 1036; x_wconf 88' lang='lat' dir='ltr'>ea</span> <span class='ocrx_word' id='word_1_108' title='bbox 871 997 1043 1037; x_wconf 84' lang='lat' dir='ltr'>soleant</span> <span class='ocrx_word' id='word_1_109' title='bbox 1067 996 1226 1062; x_wconf 87' lang='lat' dir='ltr'>accipi,</span> <span class='ocrx_word' id='word_1_110' title='bbox 1250 1009 1299 1039; x_wconf 86' lang='lat' dir='ltr'>ut</span> <span class='ocrx_word' id='word_1_111' title='bbox 1318 997 1557 1056; x_wconf 76' lang='lat' dir='ltr'>Virgilius·</span> <span class='ocrx_word' id='word_1_112' title='bbox 1585 1002 1692 1040; x_wconf 83' lang='lat' dir='ltr'>Ma-</span> 
     </span>
     <span class='ocr_line' id='line_1_14' title="bbox 294 1052 1693 1111; baseline 0.001 -15"><span class='ocrx_word' id='word_1_113' title='bbox 294 1071 346 1102; x_wconf 71' lang='lat' dir='ltr'>72ss</span> <span class='ocrx_word' id='word_1_114' title='bbox 365 1069 541 1102; x_wconf 78' lang='lat' dir='ltr'>novum;</span> <span class='ocrx_word' id='word_1_115' title='bbox 574 1055 726 1106; x_wconf 80' lang='lat' dir='ltr'>Sponte</span> <span class='ocrx_word' id='word_1_116' title='bbox 749 1068 855 1094; x_wconf 77' lang='lat' dir='ltr'>sua.</span> <span class='ocrx_word' id='word_1_117' title='bbox 902 1052 1102 1094; x_wconf 75' lang='lat' dir='ltr'>Statius</span> <span class='ocrx_word' id='word_1_118' title='bbox 1089 1069 1139 1094; x_wconf 85' lang='lat' dir='ltr'>m</span> <span class='ocrx_word' id='word_1_119' title='bbox 1160 1058 1229 1096; x_wconf 86' lang='lat' dir='ltr'>XI.</span> <span class='ocrx_word' id='word_1_120' title='bbox 1263 1066 1325 1096; x_wconf 82' lang='lat' dir='ltr'>at</span> <span class='ocrx_word' id='word_1_121' title='bbox 1333 1066 1380 1096; x_wconf 83' lang='lat' dir='ltr'>tu</span> <span class='ocrx_word' id='word_1_122' title='bbox 1412 1057 1604 1111; x_wconf 69' lang='lat' dir='ltr'>(pudet)</span> <span class='ocrx_word' id='word_1_123' title='bbox 1613 1057 1693 1096; x_wconf 82' lang='grc' dir='ltr'>Ιιο·</span> 
     </span>
     <span class='ocr_line' id='line_1_15' title="bbox 296 1112 1693 1178; baseline 0 -25"><span class='ocrx_word' id='word_1_124' title='bbox 296 1116 384 1157; x_wconf 74' lang='lat' dir='ltr'>stia,</span> <span class='ocrx_word' id='word_1_125' title='bbox 401 1114 536 1164; x_wconf 76' lang='lat' dir='ltr'>regni,</span> <span class='ocrx_word' id='word_1_126' title='bbox 566 1112 712 1150; x_wconf 74' lang='lat' dir='ltr'>hostia</span> <span class='ocrx_word' id='word_1_127' title='bbox 731 1120 831 1150; x_wconf 85' lang='lat' dir='ltr'>nate</span> <span class='ocrx_word' id='word_1_128' title='bbox 840 1114 964 1163; x_wconf 75' lang='lat' dir='ltr'>jaces·</span> <span class='ocrx_word' id='word_1_129' title='bbox 982 1127 1055 1150; x_wconf 75' lang='lat' dir='ltr'>eeu</span> <span class='ocrx_word' id='word_1_130' title='bbox 1074 1121 1230 1159; x_wconf 78' lang='lat' dir='ltr'>mutus,</span> <span class='ocrx_word' id='word_1_131' title='bbox 1260 1122 1299 1151; x_wconf 78' lang='lat' dir='ltr'>et</span> <span class='ocrx_word' id='word_1_132' title='bbox 1319 1129 1338 1152; x_wconf 86' lang='lat' dir='ltr'>e</span> <span class='ocrx_word' id='word_1_133' title='bbox 1351 1127 1479 1168; x_wconf 80' lang='lat' dir='ltr'>grege</span> <span class='ocrx_word' id='word_1_134' title='bbox 1496 1115 1693 1178; x_wconf 68' lang='lat' dir='ltr'>sanguis,</span> 
     </span>
     <span class='ocr_line' id='line_1_16' title="bbox 295 1167 1694 1223; baseline 0 -12"><span class='ocrx_word' id='word_1_135' title='bbox 295 1172 364 1211; x_wconf 58' lang='lat' dir='ltr'>hen·</span> <span class='ocrx_word' id='word_1_136' title='bbox 385 1170 492 1209; x_wconf 64' lang='lat' dir='ltr'>mila·</span> <span class='ocrx_word' id='word_1_137' title='bbox 521 1170 736 1221; x_wconf 77' lang='lat' dir='ltr'>primitiis</span> <span class='ocrx_word' id='word_1_138' title='bbox 759 1182 958 1218; x_wconf 83' lang='lat' dir='ltr'>ararum,</span> <span class='ocrx_word' id='word_1_139' title='bbox 990 1177 1032 1207; x_wconf 74' lang='lat' dir='ltr'>et</span> <span class='ocrx_word' id='word_1_140' title='bbox 1051 1172 1132 1208; x_wconf 78' lang='lat' dir='ltr'>rite</span> <span class='ocrx_word' id='word_1_141' title='bbox 1161 1170 1356 1223; x_wconf 75' lang='lat' dir='ltr'>nefasto,</span> <span class='ocrx_word' id='word_1_142' title='bbox 1389 1171 1575 1219; x_wconf 73' lang='lat' dir='ltr'>libatus,</span> <span class='ocrx_word' id='word_1_143' title='bbox 1602 1167 1694 1210; x_wconf 80' lang='lat' dir='ltr'>rite</span> 
     </span>
    </p>

    <p class='ocr_par' dir='ltr' id='par_1_4' title="bbox 228 1202 1696 1396">
     <span class='ocr_line' id='line_1_17' title="bbox 228 1202 1694 1292; baseline -0.001 -23"><span class='ocrx_word' id='word_1_144' title='bbox 228 1239 270 1274; x_wconf 83' lang='lat'>18</span> <span class='ocrx_word' id='word_1_145' title='bbox 294 1240 375 1292; x_wconf 78' lang='lat' dir='ltr'>pro</span> <span class='ocrx_word' id='word_1_146' title='bbox 396 1224 490 1266; x_wconf 87' lang='lat' dir='ltr'>ritu</span> <span class='ocrx_word' id='word_1_147' title='bbox 508 1222 675 1280; x_wconf 86' lang='lat' dir='ltr'>posuit.</span> <span class='ocrx_word' id='word_1_148' title='bbox 734 1223 1096 1290; x_wconf 87' lang='lat' dir='ltr'>Praepositiones</span> <span class='ocrx_word' id='word_1_149' title='bbox 1118 1239 1300 1292; x_wconf 89' lang='lat' dir='ltr'>quoque</span> <span class='ocrx_word' id='word_1_150' title='bbox 1330 1237 1423 1269; x_wconf 88' lang='lat' dir='ltr'>tam</span> <span class='ocrx_word' id='word_1_151' title='bbox 1439 1239 1519 1280; x_wconf 82' lang='lat' dir='ltr'>pro</span> <span class='ocrx_word' id='word_1_152' title='bbox 1538 1202 1694 1269; x_wconf 68' lang='lat' dir='ltr'>silver-</span> 
     </span>
     <span class='ocr_line' id='line_1_18' title="bbox 291 1279 1695 1338; baseline -0.001 -12"><span class='ocrx_word' id='word_1_153' title='bbox 291 1282 403 1332; x_wconf 87' lang='lat' dir='ltr'>biis,</span> <span class='ocrx_word' id='word_1_154' title='bbox 437 1295 571 1338; x_wconf 88' lang='lat' dir='ltr'>quam</span> <span class='ocrx_word' id='word_1_155' title='bbox 590 1294 670 1337; x_wconf 87' lang='lat' dir='ltr'>pro</span> <span class='ocrx_word' id='word_1_156' title='bbox 692 1279 1128 1334; x_wconf 85' lang='lat' dir='ltr'>conjunctionibus</span> <span class='ocrx_word' id='word_1_157' title='bbox 1114 1282 1432 1333; x_wconf 77' lang='lat' dir='ltr'>luveniuntur,</span> <span class='ocrx_word' id='word_1_158' title='bbox 1463 1294 1516 1326; x_wconf 86' lang='lat' dir='ltr'>ut</span> <span class='ocrx_word' id='word_1_159' title='bbox 1537 1294 1695 1326; x_wconf 72' lang='lat' dir='ltr'>osten·-</span> 
     </span>
     <span class='ocr_line' id='line_1_19' title="bbox 292 1338 1696 1408; baseline -0.002 -25"><span class='ocrx_word' id='word_1_160' title='bbox 292 1340 458 1383; x_wconf 82' lang='lat' dir='ltr'>dimus.</span> <span class='ocrx_word' id='word_1_161' title='bbox 528 1341 631 1380; x_wconf 91' lang='lat' dir='ltr'>Non</span> <span class='ocrx_word' id='word_1_162' title='bbox 666 1339 782 1380; x_wconf 86' lang='lat' dir='ltr'>bene</span> <span class='ocrx_word' id='word_1_163' title='bbox 815 1348 963 1380; x_wconf 85' lang='lat' dir='ltr'>tamen</span> <span class='ocrx_word' id='word_1_164' title='bbox 993 1338 1134 1381; x_wconf 87' lang='lat' dir='ltr'>Stoici</span> <span class='ocrx_word' id='word_1_165' title='bbox 1141 1340 1554 1408; x_wconf 81' lang='lat' dir='ltr'>praepositionem·</span> <span class='ocrx_word' id='word_1_166' title='bbox 1570 1339 1696 1381; x_wconf 85' lang='lat' dir='ltr'>inter</span> 
     </span>
    </p>

    <p class='ocr_par' dir='ltr' id='par_1_5' title="bbox 231 1394 1748 1905">
     <span class='ocr_line' id='line_1_20' title="bbox 231 1394 1695 1461; baseline -0.003 -21"><span class='ocrx_word' id='word_1_167' title='bbox 231 1426 232 1429; x_wconf 58' lang='lat'><em>=</em></span> <span class='ocrx_word' id='word_1_168' title='bbox 279 1394 634 1460; x_wconf 73' lang='lat' dir='ltr'>conjunctiones</span> <span class='ocrx_word' id='word_1_169' title='bbox 661 1396 915 1451; x_wconf 86' lang='lat' dir='ltr'>ponebant,</span> <span class='ocrx_word' id='word_1_170' title='bbox 945 1395 1298 1461; x_wconf 85' lang='lat' dir='ltr'>praepositivam</span> <span class='ocrx_word' id='word_1_171' title='bbox 1324 1396 1695 1449; x_wconf 74' lang='lat' dir='ltr'>conjunctionem</span> 
     </span>
     <span class='ocr_line' id='line_1_21' title="bbox 290 1451 1694 1503; baseline -0.003 -6"><span class='ocrx_word' id='word_1_172' title='bbox 290 1470 389 1497; x_wconf 87' lang='lat' dir='ltr'>eam</span> <span class='ocrx_word' id='word_1_173' title='bbox 409 1452 722 1501; x_wconf 81' lang='lat' dir='ltr'>nominantes,</span> <span class='ocrx_word' id='word_1_174' title='bbox 754 1465 859 1493; x_wconf 89' lang='lat' dir='ltr'>cum</span> <span class='ocrx_word' id='word_1_175' title='bbox 890 1451 1150 1503; x_wconf 83' lang='lat' dir='ltr'>conjunctio</span> <span class='ocrx_word' id='word_1_176' title='bbox 1180 1464 1225 1494; x_wconf 87' lang='lat' dir='ltr'>et</span> <span class='ocrx_word' id='word_1_177' title='bbox 1242 1453 1517 1496; x_wconf 82' lang='lat' dir='ltr'>nominibus</span> <span class='ocrx_word' id='word_1_178' title='bbox 1526 1462 1570 1495; x_wconf 84' lang='lat' dir='ltr'>et</span> <span class='ocrx_word' id='word_1_179' title='bbox 1590 1467 1694 1494; x_wconf 79' lang='lat' dir='ltr'>ver-</span> 
     </span>
     <span class='ocr_line' id='line_1_22' title="bbox 289 1506 1692 1573; baseline -0.004 -20"><span class='ocrx_word' id='word_1_180' title='bbox 289 1511 360 1554; x_wconf 88' lang='lat' dir='ltr'>bis</span> <span class='ocrx_word' id='word_1_181' title='bbox 383 1520 427 1552; x_wconf 88' lang='lat' dir='ltr'>et</span> <span class='ocrx_word' id='word_1_182' title='bbox 449 1507 661 1573; x_wconf 67' lang='lat' dir='ltr'>omnibus</span> <span class='ocrx_word' id='word_1_183' title='bbox 692 1518 784 1550; x_wconf 87' lang='lat' dir='ltr'>tam</span> <span class='ocrx_word' id='word_1_184' title='bbox 822 1507 1166 1550; x_wconf 88' lang='lat' dir='ltr'>declinabilibus</span> <span class='ocrx_word' id='word_1_185' title='bbox 1199 1524 1333 1566; x_wconf 89' lang='lat' dir='ltr'>quam</span> <span class='ocrx_word' id='word_1_186' title='bbox 1355 1506 1692 1568; x_wconf 80' lang='lat' dir='ltr'>indeclinabili-</span> 
     </span>
     <span class='ocr_line' id='line_1_23' title="bbox 289 1563 1692 1629; baseline -0.002 -20"><span class='ocrx_word' id='word_1_187' title='bbox 289 1569 375 1609; x_wconf 89' lang='lat' dir='ltr'>bus</span> <span class='ocrx_word' id='word_1_188' title='bbox 394 1582 474 1622; x_wconf 87' lang='lat' dir='ltr'>per</span> <span class='ocrx_word' id='word_1_189' title='bbox 492 1563 820 1629; x_wconf 76' lang='lat' dir='ltr'>appositionem</span> <span class='ocrx_word' id='word_1_190' title='bbox 842 1566 983 1606; x_wconf 85' lang='lat' dir='ltr'>soleat</span> <span class='ocrx_word' id='word_1_191' title='bbox 1003 1565 1204 1621; x_wconf 86' lang='lat' dir='ltr'>adjungi,</span> <span class='ocrx_word' id='word_1_192' title='bbox 1237 1581 1321 1608; x_wconf 90' lang='lat' dir='ltr'>nec</span> <span class='ocrx_word' id='word_1_193' title='bbox 1347 1569 1492 1608; x_wconf 85' lang='lat' dir='ltr'>solum</span> <span class='ocrx_word' id='word_1_194' title='bbox 1510 1577 1692 1621; x_wconf 81' lang='lat' dir='ltr'>praepo·</span> 
     </span>
     <span class='ocr_line' id='line_1_24' title="bbox 289 1621 1748 1686; baseline -0.003 -20"><span class='ocrx_word' id='word_1_195' title='bbox 289 1623 436 1677; x_wconf 86' lang='lat' dir='ltr'>nitur,</span> <span class='ocrx_word' id='word_1_196' title='bbox 467 1623 545 1664; x_wconf 89' lang='lat' dir='ltr'>sed</span> <span class='ocrx_word' id='word_1_197' title='bbox 568 1621 704 1662; x_wconf 89' lang='lat' dir='ltr'>etiam</span> <span class='ocrx_word' id='word_1_198' title='bbox 737 1621 1048 1685; x_wconf 82' lang='lat' dir='ltr'>subjungitur,</span> <span class='ocrx_word' id='word_1_199' title='bbox 1082 1633 1173 1662; x_wconf 87' lang='lat' dir='ltr'>tam</span> <span class='ocrx_word' id='word_1_200' title='bbox 1206 1625 1325 1686; x_wconf 80' lang='lat' dir='ltr'>apud</span> <span class='ocrx_word' id='word_1_201' title='bbox 1345 1632 1523 1678; x_wconf 84' lang='lat' dir='ltr'>poetas,</span> <span class='ocrx_word' id='word_1_202' title='bbox 1555 1635 1690 1677; x_wconf 79' lang='lat' dir='ltr'>quam</span> <span class='ocrx_word' id='word_1_203' title='bbox 1747 1647 1748 1652; x_wconf 58' lang='lat'>=</span> 
     </span>
     <span class='ocr_line' id='line_1_25' title="bbox 290 1676 1691 1746; baseline -0.004 -23"><span class='ocrx_word' id='word_1_204' title='bbox 290 1681 407 1746; x_wconf 83' lang='lat' dir='ltr'>apud</span> <span class='ocrx_word' id='word_1_205' title='bbox 430 1679 530 1721; x_wconf 85' lang='lat' dir='ltr'>sine</span> <span class='ocrx_word' id='word_1_206' title='bbox 553 1676 706 1720; x_wconf 86' lang='lat' dir='ltr'>metris</span> <span class='ocrx_word' id='word_1_207' title='bbox 730 1676 986 1719; x_wconf 85' lang='lat' dir='ltr'>scribentes.</span> <span class='ocrx_word' id='word_1_208' title='bbox 1046 1677 1325 1734; x_wconf 87' lang='lat' dir='ltr'>Praepositio</span> <span class='ocrx_word' id='word_1_209' title='bbox 1342 1692 1467 1726; x_wconf 85' lang='lat' dir='ltr'>vero,</span> <span class='ocrx_word' id='word_1_210' title='bbox 1490 1689 1542 1720; x_wconf 85' lang='lat' dir='ltr'>ut</span> <span class='ocrx_word' id='word_1_211' title='bbox 1558 1691 1691 1742; x_wconf 81' lang='lat' dir='ltr'>saepe</span> 
     </span>
     <span class='ocr_line' id='line_1_26' title="bbox 290 1732 1690 1800; baseline -0.004 -20"><span class='ocrx_word' id='word_1_212' title='bbox 290 1737 462 1780; x_wconf 84' lang='lat' dir='ltr'>dictum</span> <span class='ocrx_word' id='word_1_213' title='bbox 486 1746 565 1782; x_wconf 88' lang='lat' dir='ltr'>est,</span> <span class='ocrx_word' id='word_1_214' title='bbox 600 1745 644 1776; x_wconf 90' lang='lat' dir='ltr'>et</span> <span class='ocrx_word' id='word_1_215' title='bbox 674 1732 892 1800; x_wconf 81' lang='lat' dir='ltr'>praeponi</span> <span class='ocrx_word' id='word_1_216' title='bbox 920 1735 1022 1775; x_wconf 87' lang='lat' dir='ltr'>vult</span> <span class='ocrx_word' id='word_1_217' title='bbox 1039 1748 1228 1799; x_wconf 84' lang='lat' dir='ltr'>semper,</span> <span class='ocrx_word' id='word_1_218' title='bbox 1262 1749 1367 1777; x_wconf 87' lang='lat' dir='ltr'>cum</span> <span class='ocrx_word' id='word_1_219' title='bbox 1386 1745 1520 1781; x_wconf 70' lang='lat' dir='ltr'>recto·</span> <span class='ocrx_word' id='word_1_220' title='bbox 1529 1732 1690 1783; x_wconf 74' lang='lat' dir='ltr'>ordine</span> 
     </span>
     <span class='ocr_line' id='line_1_27' title="bbox 286 1789 1692 1860; baseline -0.001 -24"><span class='ocrx_word' id='word_1_221' title='bbox 286 1793 489 1860; x_wconf 84' lang='lat' dir='ltr'>ponitur,</span> <span class='ocrx_word' id='word_1_222' title='bbox 521 1804 565 1834; x_wconf 89' lang='lat' dir='ltr'>et</span> <span class='ocrx_word' id='word_1_223' title='bbox 595 1791 742 1833; x_wconf 87' lang='lat' dir='ltr'>verbis</span> <span class='ocrx_word' id='word_1_224' title='bbox 765 1790 1037 1847; x_wconf 87' lang='lat' dir='ltr'>caeterisque</span> <span class='ocrx_word' id='word_1_225' title='bbox 1066 1790 1267 1856; x_wconf 90' lang='lat' dir='ltr'>partibus</span> <span class='ocrx_word' id='word_1_226' title='bbox 1288 1789 1692 1841; x_wconf 75' lang='lat' dir='ltr'>indeclinabilibus.</span> 
     </span>
     <span class='ocr_line' id='line_1_28' title="bbox 276 1847 1236 1905; baseline -0.003 -11.958"><span class='ocrx_word' id='word_1_227' title='bbox 276 1850 380 1893; x_wconf 82' lang='lat' dir='ltr'>-nisi</span> <span class='ocrx_word' id='word_1_228' title='bbox 402 1865 450 1891; x_wconf 88' lang='lat' dir='ltr'>m</span> <span class='ocrx_word' id='word_1_229' title='bbox 470 1847 814 1905; x_wconf 88' lang='lat' dir='ltr'>compositione,</span> <span class='ocrx_word' id='word_1_230' title='bbox 846 1861 942 1889; x_wconf 89' lang='lat' dir='ltr'>non</span> <span class='ocrx_word' id='word_1_231' title='bbox 962 1847 1236 1904; x_wconf 87' lang='lat' dir='ltr'>adjungitur.</span> 
     </span>
    </p>

    <p class='ocr_par' dir='ltr' id='par_1_6' title="bbox 205 1883 1687 1969">
     <span class='ocr_line' id='line_1_29' title="bbox 205 1883 1687 1969; baseline -0.003 -18"><span class='ocrx_word' id='word_1_232' title='bbox 205 1917 267 1952; x_wconf 78' lang='grc' dir='ltr'>ΠΙ</span> <span class='ocrx_word' id='word_1_233' title='bbox 406 1910 640 1964; x_wconf 82' lang='lat' dir='ltr'>Separatae</span> <span class='ocrx_word' id='word_1_234' title='bbox 682 1903 1046 1969; x_wconf 86' lang='lat' dir='ltr'>praepositiones</span> <span class='ocrx_word' id='word_1_235' title='bbox 1068 1906 1139 1946; x_wconf 88' lang='lat' dir='ltr'>vel</span> <span class='ocrx_word' id='word_1_236' title='bbox 1194 1883 1448 1949; x_wconf 83' lang='lat' dir='ltr'>accusativo</span> <span class='ocrx_word' id='word_1_237' title='bbox 1497 1907 1569 1948; x_wconf 84' lang='lat' dir='ltr'>vel</span> <span class='ocrx_word' id='word_1_238' title='bbox 1617 1906 1687 1948; x_wconf 75' lang='lat' dir='ltr'>ab-</span> 
     </span>
    </p>

    <p class='ocr_par' dir='ltr' id='par_1_7' title="bbox 225 1960 1748 2419">
     <span class='ocr_line' id='line_1_30' title="bbox 225 1960 1687 2029; baseline -0.003 -22"><span class='ocrx_word' id='word_1_239' title='bbox 225 1975 265 2008; x_wconf 85' lang='lat'>19</span> <span class='ocrx_word' id='word_1_240' title='bbox 289 1963 430 2007; x_wconf 87' lang='lat' dir='ltr'>lativo</span> <span class='ocrx_word' id='word_1_241' title='bbox 460 1965 791 2029; x_wconf 60' lang='lat' dir='ltr'>adjunguntur,</span> <span class='ocrx_word' id='word_1_242' title='bbox 835 1960 1116 2025; x_wconf 86' lang='lat' dir='ltr'>compositae</span> <span class='ocrx_word' id='word_1_243' title='bbox 1139 1976 1248 2026; x_wconf 73' lang='lat' dir='ltr'>vero</span> <span class='ocrx_word' id='word_1_244' title='bbox 1279 1974 1370 2004; x_wconf 82' lang='lat' dir='ltr'>tam</span> <span class='ocrx_word' id='word_1_245' title='bbox 1403 1961 1687 2005; x_wconf 59' lang='lat' dir='ltr'>nominativo</span> 
     </span>
     <span class='ocr_line' id='line_1_31' title="bbox 291 2017 1688 2084; baseline -0.001 -22"><span class='ocrx_word' id='word_1_246' title='bbox 291 2035 425 2078; x_wconf 77' lang='lat' dir='ltr'>quam</span> <span class='ocrx_word' id='word_1_247' title='bbox 447 2019 633 2084; x_wconf 74' lang='lat' dir='ltr'>caeteris</span> <span class='ocrx_word' id='word_1_248' title='bbox 663 2018 872 2061; x_wconf 86' lang='lat' dir='ltr'>omnibus</span> <span class='ocrx_word' id='word_1_249' title='bbox 905 2017 1123 2074; x_wconf 85' lang='lat' dir='ltr'>obliquis,</span> <span class='ocrx_word' id='word_1_250' title='bbox 1153 2017 1232 2074; x_wconf 91' lang='lat' dir='ltr'>qui</span> <span class='ocrx_word' id='word_1_251' title='bbox 1259 2035 1311 2061; x_wconf 84' lang='lat' dir='ltr'>ex</span> <span class='ocrx_word' id='word_1_252' title='bbox 1334 2018 1585 2076; x_wconf 85' lang='lat' dir='ltr'>composito</span> <span class='ocrx_word' id='word_1_253' title='bbox 1603 2034 1688 2061; x_wconf 85' lang='lat' dir='ltr'>na-</span> 
     </span>
     <span class='ocr_line' id='line_1_32' title="bbox 273 2074 1748 2141; baseline -0.003 -19"><span class='ocrx_word' id='word_1_254' title='bbox 273 2088 480 2121; x_wconf 88' lang='lat' dir='ltr'>-scuntur</span> <span class='ocrx_word' id='word_1_255' title='bbox 508 2074 812 2118; x_wconf 79' lang='lat' dir='ltr'>nominativo.</span> <span class='ocrx_word' id='word_1_256' title='bbox 885 2077 945 2116; x_wconf 91' lang='lat' dir='ltr'>Et</span> <span class='ocrx_word' id='word_1_257' title='bbox 977 2085 1042 2115; x_wconf 87' lang='lat' dir='ltr'>est</span> <span class='ocrx_word' id='word_1_258' title='bbox 1075 2076 1271 2141; x_wconf 34' lang='lat' dir='ltr'>quand-‘o</span> <span class='ocrx_word' id='word_1_259' title='bbox 1296 2077 1481 2117; x_wconf 84' lang='lat' dir='ltr'>eandem</span> <span class='ocrx_word' id='word_1_260' title='bbox 1521 2077 1688 2118; x_wconf 87' lang='lat' dir='ltr'>habent</span> <span class='ocrx_word' id='word_1_261' title='bbox 1746 2089 1748 2091; x_wconf 84' lang='lat'>·</span> 
     </span>
     <span class='ocr_line' id='line_1_33' title="bbox 274 2130 1685 2198; baseline -0.002 -21"><span class='ocrx_word' id='word_1_262' title='bbox 274 2146 382 2177; x_wconf 40' lang='lat' dir='ltr'>&gt;tam</span> <span class='ocrx_word' id='word_1_263' title='bbox 401 2133 451 2175; x_wconf 91' lang='lat' dir='ltr'>in</span> <span class='ocrx_word' id='word_1_264' title='bbox 480 2132 810 2198; x_wconf 85' lang='lat' dir='ltr'>compositione</span> <span class='ocrx_word' id='word_1_265' title='bbox 842 2145 976 2187; x_wconf 87' lang='lat' dir='ltr'>quam</span> <span class='ocrx_word' id='word_1_266' title='bbox 997 2130 1045 2172; x_wconf 86' lang='lat' dir='ltr'>in</span> <span class='ocrx_word' id='word_1_267' title='bbox 1078 2131 1365 2187; x_wconf 84' lang='lat' dir='ltr'>appositione</span> <span class='ocrx_word' id='word_1_268' title='bbox 1392 2131 1685 2198; x_wconf 85' lang='lat' dir='ltr'>significatio·</span> 
     </span>
     <span class='ocr_line' id='line_1_34' title="bbox 289 2187 1685 2246; baseline -0.001 -13"><span class='ocrx_word' id='word_1_269' title='bbox 289 2206 408 2239; x_wconf 89' lang='lat' dir='ltr'>nem,</span> <span class='ocrx_word' id='word_1_270' title='bbox 441 2201 493 2232; x_wconf 89' lang='lat' dir='ltr'>ut</span> <span class='ocrx_word' id='word_1_271' title='bbox 515 2189 680 2232; x_wconf 84' lang='lat' dir='ltr'>invado</span> <span class='ocrx_word' id='word_1_272' title='bbox 700 2192 890 2236; x_wconf 87' lang='lat' dir='ltr'>hostem,</span> <span class='ocrx_word' id='word_1_273' title='bbox 923 2199 968 2229; x_wconf 88' lang='lat' dir='ltr'>et</span> <span class='ocrx_word' id='word_1_274' title='bbox 989 2187 1036 2228; x_wconf 88' lang='lat' dir='ltr'>in</span> <span class='ocrx_word' id='word_1_275' title='bbox 1055 2190 1230 2229; x_wconf 90' lang='lat' dir='ltr'>hostem</span> <span class='ocrx_word' id='word_1_276' title='bbox 1248 2191 1389 2231; x_wconf 86' lang='lat' dir='ltr'>vado:</span> <span class='ocrx_word' id='word_1_277' title='bbox 1422 2188 1472 2230; x_wconf 89' lang='lat' dir='ltr'>in</span> <span class='ocrx_word' id='word_1_278' title='bbox 1490 2199 1685 2246; x_wconf 86' lang='lat' dir='ltr'>utroque</span> 
     </span>
     <span class='ocr_line' id='line_1_35' title="bbox 291 2245 1687 2312; baseline -0.001 -22"><span class='ocrx_word' id='word_1_279' title='bbox 291 2248 412 2290; x_wconf 84' lang='lat' dir='ltr'>enim</span> <span class='ocrx_word' id='word_1_280' title='bbox 434 2258 589 2289; x_wconf 85' lang='lat' dir='ltr'>contra</span> <span class='ocrx_word' id='word_1_281' title='bbox 616 2246 853 2312; x_wconf 61' lang='lat' dir='ltr'>significat.</span> <span class='ocrx_word' id='word_1_282' title='bbox 913 2248 993 2286; x_wconf 89' lang='lat' dir='ltr'>Est</span> <span class='ocrx_word' id='word_1_283' title='bbox 1022 2246 1197 2300; x_wconf 86' lang='lat' dir='ltr'>quando</span> <span class='ocrx_word' id='word_1_284' title='bbox 1225 2245 1461 2300; x_wconf 87' lang='lat' dir='ltr'>diversam,</span> <span class='ocrx_word' id='word_1_285' title='bbox 1490 2255 1542 2294; x_wconf 83' lang='lat' dir='ltr'>ut</span> <span class='ocrx_word' id='word_1_286' title='bbox 1561 2247 1615 2288; x_wconf 88' lang='lat' dir='ltr'>de</span> <span class='ocrx_word' id='word_1_287' title='bbox 1643 2256 1687 2288; x_wconf 86' lang='lat' dir='ltr'>te</span> 
     </span>
     <span class='ocr_line' id='line_1_36' title="bbox 287 2301 1739 2360; baseline -0.002 -14"><span class='ocrx_word' id='word_1_288' title='bbox 287 2307 465 2360; x_wconf 86' lang='lat' dir='ltr'>loquor,</span> <span class='ocrx_word' id='word_1_289' title='bbox 498 2304 547 2344; x_wconf 85' lang='lat' dir='ltr'>id</span> <span class='ocrx_word' id='word_1_290' title='bbox 582 2316 646 2346; x_wconf 86' lang='lat' dir='ltr'>est</span> <span class='ocrx_word' id='word_1_291' title='bbox 677 2303 743 2345; x_wconf 88' lang='lat' dir='ltr'>tui</span> <span class='ocrx_word' id='word_1_292' title='bbox 781 2315 910 2344; x_wconf 84' lang='lat' dir='ltr'>causa</span> <span class='ocrx_word' id='word_1_293' title='bbox 941 2302 1111 2357; x_wconf 89' lang='lat' dir='ltr'>loquor,</span> <span class='ocrx_word' id='word_1_294' title='bbox 1145 2303 1361 2358; x_wconf 73' lang='lat' dir='ltr'>depiimo‚</span> <span class='ocrx_word' id='word_1_295' title='bbox 1393 2301 1443 2343; x_wconf 85' lang='lat' dir='ltr'>id</span> <span class='ocrx_word' id='word_1_296' title='bbox 1472 2313 1536 2346; x_wconf 88' lang='lat' dir='ltr'>est</span> <span class='ocrx_word' id='word_1_297' title='bbox 1568 2301 1686 2344; x_wconf 79' lang='lat' dir='ltr'>infra</span> <span class='ocrx_word' id='word_1_298' title='bbox 1736 2339 1739 2343; x_wconf 83' lang='grc'><strong><em>,</em></strong></span> 
     </span>
     <span class='ocr_line' id='line_1_37' title="bbox 287 2357 1685 2419; baseline -0.001 -17"><span class='ocrx_word' id='word_1_299' title='bbox 287 2375 459 2418; x_wconf 81' lang='lat' dir='ltr'>premo.</span> <span class='ocrx_word' id='word_1_300' title='bbox 519 2362 599 2404; x_wconf 86' lang='lat' dir='ltr'>Est</span> <span class='ocrx_word' id='word_1_301' title='bbox 626 2360 821 2419; x_wconf 87' lang='lat' dir='ltr'>quando</span> <span class='ocrx_word' id='word_1_302' title='bbox 833 2359 1065 2399; x_wconf 86' lang='lat' dir='ltr'>abundant</span> <span class='ocrx_word' id='word_1_303' title='bbox 1095 2359 1329 2412; x_wconf 86' lang='lat' dir='ltr'>syllabice,</span> <span class='ocrx_word' id='word_1_304' title='bbox 1360 2358 1417 2401; x_wconf 84' lang='lat' dir='ltr'>id</span> <span class='ocrx_word' id='word_1_305' title='bbox 1434 2369 1499 2402; x_wconf 78' lang='lat' dir='ltr'>est</span> <span class='ocrx_word' id='word_1_306' title='bbox 1514 2357 1685 2402; x_wconf 78' lang='lat' dir='ltr'>auctio-</span> 
     </span>
    </p>
   </div>
   <div class='ocr_carea' id='block_1_3' title="bbox 293 2473 563 2488">
    <p class='ocr_par' dir='ltr' id='par_1_8' title="bbox 293 2473 563 2488">
     <span class='ocr_line' id='line_1_38' title="bbox 293 2473 563 2488; baseline 0 0"><span class='ocrx_word' id='word_1_307' title='bbox 293 2473 563 2488; x_wconf 95' lang='lat' dir='ltr'> </span> 
     </span>
    </p>
   </div>
   <div class='ocr_carea' id='block_1_4' title="bbox 270 2545 1733 2827">
    <p class='ocr_par' dir='ltr' id='par_1_9' title="bbox 270 2545 1733 2827">
     <span class='ocr_line' id='line_1_39' title="bbox 340 2545 1684 2591; baseline 0 -8"><span class='ocrx_word' id='word_1_308' title='bbox 340 2549 532 2584; x_wconf 79' lang='lat' dir='ltr'>Terentius</span> <span class='ocrx_word' id='word_1_309' title='bbox 559 2548 600 2582; x_wconf 83' lang='lat' dir='ltr'>in</span> <span class='ocrx_word' id='word_1_310' title='bbox 627 2546 816 2582; x_wconf 78' lang='lat' dir='ltr'>Eunucho.</span> <span class='ocrx_word' id='word_1_311' title='bbox 843 2545 1225 2582; x_wconf 79' lang='lat' dir='ltr'>Act‚111.sc.2.·vs.</span> <span class='ocrx_word' id='word_1_312' title='bbox 1251 2555 1304 2591; x_wconf 84' lang='lat'>15.</span> <span class='ocrx_word' id='word_1_313' title='bbox 1364 2548 1540 2581; x_wconf 70' lang='lat' dir='ltr'>Lucanus</span> <span class='ocrx_word' id='word_1_314' title='bbox 1562 2547 1603 2581; x_wconf 81' lang='lat' dir='ltr'>in</span> <span class='ocrx_word' id='word_1_315' title='bbox 1630 2548 1684 2583; x_wconf 84' lang='lat'>11.</span> 
     </span>
     <span class='ocr_line' id='line_1_40' title="bbox 333 2600 1684 2688; baseline -0.002 -13"><span class='ocrx_word' id='word_1_316' title='bbox 333 2605 453 2688; x_wconf 36' lang='lat' dir='ltr'>§.1st</span> <span class='ocrx_word' id='word_1_317' title='bbox 471 2600 1592 2686; x_wconf 46' lang='lat' dir='ltr'>{affirm-alud.Virg.Georg.111.vss.325.Mam</span> <span class='ocrx_word' id='word_1_318' title='bbox 1612 2650 1684 2672; x_wconf 80' lang='lat' dir='ltr'>no·</span> 
     </span>
     <span class='ocr_line' id='line_1_41' title="bbox 379 2683 1733 2732; baseline -0.002 -11"><span class='ocrx_word' id='word_1_319' title='bbox 379 2688 647 2731; x_wconf 70' lang='lat' dir='ltr'>vum.Vu1go</span> <span class='ocrx_word' id='word_1_320' title='bbox 671 2693 756 2730; x_wconf 89' lang='lat' dir='ltr'>post</span> <span class='ocrx_word' id='word_1_321' title='bbox 789 2685 968 2732; x_wconf 75' lang='lat' dir='ltr'>Virgilius</span> <span class='ocrx_word' id='word_1_322' title='bbox 988 2685 1138 2720; x_wconf 81' lang='lat' dir='ltr'>additur</span> <span class='ocrx_word' id='word_1_323' title='bbox 1156 2687 1200 2721; x_wconf 81' lang='lat' dir='ltr'>in</span> <span class='ocrx_word' id='word_1_324' title='bbox 1211 2687 1278 2722; x_wconf 81' lang='lat'>17</span> <span class='ocrx_word' id='word_1_325' title='bbox 1303 2684 1407 2731; x_wconf 83' lang='lat' dir='ltr'>quod</span> <span class='ocrx_word' id='word_1_326' title='bbox 1434 2683 1574 2721; x_wconf 63' lang='lat' dir='ltr'>falsum</span> <span class='ocrx_word' id='word_1_327' title='bbox 1596 2694 1681 2721; x_wconf 71' lang='lat' dir='ltr'>esse</span> <span class='ocrx_word' id='word_1_328' title='bbox 1728 2697 1733 2703; x_wconf 79' lang='grc'><em>·</em></span> 
     </span>
     <span class='ocr_line' id='line_1_42' title="bbox 270 2732 1098 2779; baseline -0.001 -12"><span class='ocrx_word' id='word_1_329' title='bbox 270 2764 273 2772; x_wconf 77' lang='grc'>,</span> <span class='ocrx_word' id='word_1_330' title='bbox 379 2739 486 2779; x_wconf 79' lang='lat' dir='ltr'>patet</span> <span class='ocrx_word' id='word_1_331' title='bbox 510 2739 563 2767; x_wconf 81' lang='lat' dir='ltr'>et</span> <span class='ocrx_word' id='word_1_332' title='bbox 574 2732 666 2767; x_wconf 88' lang='lat' dir='ltr'>Cod.</span> <span class='ocrx_word' id='word_1_333' title='bbox 687 2732 862 2766; x_wconf 82' lang='lat' dir='ltr'>Heidelb.</span> <span class='ocrx_word' id='word_1_334' title='bbox 885 2732 1098 2767; x_wconf 80' lang='lat' dir='ltr'>confirmat.</span> 
     </span>
     <span class='ocr_line' id='line_1_43' title="bbox 332 2778 1076 2827; baseline -0.001 -13"><span class='ocrx_word' id='word_1_335' title='bbox 332 2781 478 2827; x_wconf 58' lang='lat' dir='ltr'>Statius·</span> <span class='ocrx_word' id='word_1_336' title='bbox 496 2780 538 2815; x_wconf 84' lang='lat' dir='ltr'>in</span> <span class='ocrx_word' id='word_1_337' title='bbox 555 2781 629 2815; x_wconf 85' lang='lat' dir='ltr'>XI.</span> <span class='ocrx_word' id='word_1_338' title='bbox 645 2778 765 2814; x_wconf 77' lang='lat' dir='ltr'>Theb.</span> <span class='ocrx_word' id='word_1_339' title='bbox 786 2790 857 2814; x_wconf 87' lang='lat' dir='ltr'>vss.</span> <span class='ocrx_word' id='word_1_340' title='bbox 877 2783 944 2822; x_wconf 79' lang='lat'>283</span> <span class='ocrx_word' id='word_1_341' title='bbox 961 2797 1008 2805; x_wconf 91' lang='lat'>-—</span> <span class='ocrx_word' id='word_1_342' title='bbox 1020 2784 1076 2823; x_wconf 81' lang='grc'>85.</span> 
     </span>
    </p>
   </div>
  </div>
 </body>
</html>
