1748 3112
459 852 1540 929 LIBERXQVINTVS

257 1163 276 1198 I
305 1125 578 1212 Quoniam
601 1164 657 1203 de
677 1162 939 1218 speciebus.
972 1161 1066 1203 sive
1094 1158 1253 1203 formis
1275 1159 1533 1213 nominum,
1564 1173 1701 1216 quan-

256 1221 273 1244 ²
301 1229 402 1260 tum
453 1218 713 1274 potuimus,
758 1233 891 1274 supra
930 1216 1246 1265 tractavimus,
1289 1231 1439 1259 nunc
1465 1218 1522 1259 de
1569 1231 1698 1283 gene-

297 1273 425 1316 ribus
449 1289 661 1331 quaerere
686 1289 914 1316 conemur.
959 1278 1127 1316 Genera
1157 1273 1305 1338 igitur
1327 1273 1700 1330 nominum‘prin·

298 1330 464 1395 cipalia
495 1344 603 1374 sunt
631 1334 758 1380 duo,
788 1346 901 1386 quae
936 1333 1028 1372 sola
1061 1329 1193 1372 novit
1223 1329 1338 1371 ratio
1364 1341 1572 1378 naturae,
1608 1346 1701 1374 ma·

298 1387 547 1430 sculinum
571 1399 617 1429 et
656 1387 979 1430 foemininum.
1042 1389 1213 1428 Genera
1253 1385 1391 1428 enim
1425 1386 1698 1429 dicuntuta

296 1447 551 1508 generando
578 1444 784 1501 proprie,
830 1458 942 1498 quae
966 1458 1174 1501 generare
1195 1454 1410 1499 possunt,
1451 1457 1567 1499 quae
1590 1455 1699 1487 sunt

297 1500 607 1566 masculinnm
636 1512 681 1542 et
706 1500 1035 1543 foemininum.
1102 1503 1218 1543 Nam
1253 1514 1496 1542 commune
1523 1511 1569 1542 et
1590 1516 1698 1543 neu·

297 1566 421 1598 trum
451 1556 592 1600 vocis
606 1557 748 1612 magis
761 1557 1016 1623 qualitate,
1059 1572 1197 1614 quam
1216 1569 1400 1598 naturae
1425 1556 1699 1614 dignoscun-

298 1622 402 1662 tur3
436 1627 552 1669 quae
574 1614 799 1657 contraria
822 1614 910 1655 sibi
935 1626 1054 1655 sunt.
1107 1616 1224 1656 Nam
1249 1628 1515 1662 commune,
1555 1615 1697 1656 modo

295 1663 567 1717 masculini.
607 1672 747 1713 modo
780 1670 1023 1712 foeminini
1056 1669 1442 1735 significationem
1467 1670 1696 1727 possidet.
1722 1676 1729 1680 “

294 1736 514 1768 ‘neutrum
527 1741 651 1775 vero,
678 1739 897 1783 quantum
919 1727 1004 1769 ad
985 1743 1133 1792 ipslus
1148 1725 1279 1770 vocis
1308 1725 1584 1789 qualitatem,
1614 1741 1700 1770 nec

298 1782 648 1833 mascnlinum5⁴
675 1797 763 1827 nec
794 1783 1113 1826 foemininum
1152 1795 1240 1831 est;
1295 1785 1416 1826 unde
1453 1787 1698 1826 commone

299 1837 601 1890 articulum,
595 1840 716 1924 sige
759 1839 996 1882 articulare
1037 1854 1291 1897 pronomen
1325 1850 1417 1880 tam
1453 1839 1694 1883 masculini

342 2002 808 2048 cap.1.§.1.-.naturae
855 2003 978 2048 Vulgo
1001 2010 1148 2037 natura.
1198 2003 1282 2036 Hoc
1300 2001 1395 2036 mihi
1416 2014 1437 2036 e
1455 2003 1696 2040 correctione

388 2049 451 2083 vel
498 2050 601 2084 otius
627 2061 671 2084 ex
690 2049 842 2086 inscitia
868 2049 1113 2084 librariorum
1141 2048 1330 2094 originem
1359 2048 1508 2083 duxisse
1532 2049 1693 2090 videtur.

387 2061 498 2129 MSS).
521 2093 633 2140 Luth.
657 2096 792 2130 Zwicc.
818 2108 847 2130 1.
870 2108 901 2131 2.
923 2095 1059 2132 Dresd.
1073 2095 1175 2142 Lips.
1192 2108 1222 2130 1.
1237 2107 1269 2129 2.
1291 2093 1370 2129 Erl.
1390 2094 1457 2140 ita,
1480 2097 1522 2130 ut
1541 2095 1614 2131 nos'
1631 2104 1695 2132 ex-

389 2140 533 2176 scribi·
521 2142 711 2187 jussimus

341 2202 403 2237 hic
423 2206 595 2240 sacerdos
622 2212 659 2239 et
686 2205 778 2239 haec
796 2205 978 2239 sacerdos.
1029 2203 1152 2239 Scrihi
1169 2204 1224 2238 ita
1239 2205 1431 2248 jusserunt
1450 2205 1557 2241 MSS.
1577 2206 1692 2242 Luth.

388 2250 527 2284 Dresd.
552 2251 686 2285 Zwicc.
712 2263 740 2284 1.
766 2263 796 2284 2.
817 2251 895 2285 Erl.
919 2262 951 2284 2.
972 2251 1071 2295 Lips.
1100 2263 1128 2283 ι.
1151 2262 1221 2295 pro
1240 2251 1302 2284 hic
1328 2258 1366 2285 et
1392 2251 1485 2284 haec
1510 2254 1691 2289 sacerdos.

388 2295 450 2330 Ita
467 2307 555 2330 mox
572 2297 688 2331 etiam
706 2298 740 2341 S.
762 2310 793 2330 2.
814 2297 875 2330 liic
885 2296 980 2340 finis
999 2302 1035 2329 et
1054 2296 1145 2329 haec
1162 2297 1259 2340 finis.

343 2359 512 2388 neutrum
531 2359 663 2406 quiem
709 2350 860 2407 Vulgo,
884 2358 1052 2386 neutrum
1070 2365 1166 2387 vero.
1217 2354 1294 2386 Nos
1316 2353 1422 2388 MSS
1447 2352 1580 2389 Zwicc,
1605 2367 1635 2390 1.
1655 2369 1688 2391 2.

388 2398 493 2444 Lips.
509 2412 539 2433 1.
553 2412 584 2434 2.
589 2398 712 2453 Luth.
723 2399 845 2434 secuti
864 2405 1002 2433 sumus,
1030 2399 1147 2433 Paulo
1166 2405 1253 2445 post
1265 2397 1490 2451 foeminina,
1501 2412 1594 2446 quae
1614 2414 1692 2436 una

389 2457 488 2490 voce,
514 2446 624 2481 omisi
642 2453 729 2481 ante
757 2457 878 2492 quae,
891 2445 992 2492 quod
1019 2444 1060 2479 in
1077 2444 1183 2478 libris
1204 2444 1315 2479 editis
1334 2444 1520 2480 insertum
1533 2447 1692 2493 legitur,

388 2496 537 2527 tantum
562 2493 672 2534 MSS.
692 2490 772 2527 Erl.
795 2504 824 2527 1.
847 2504 879 2526 2.
901 2488 1013 2526 Luth.
1034 2490 1172 2526 Dresd.
1192 2490 1294 2536 Lips.
1320 2503 1348 2525 1.
1371 2502 1403 2525 2.
1423 2502 1456 2536 3.
1479 2492 1574 2528 Edd.
1596 2495 1688 2529 Ven.

392 2550 424 2574 ι.
443 2551 477 2583 2
498 2539 736 2574 auctoritate.

346 2608 381 2655 S.
403 2621 436 2645 2.
452 2608 522 2643 hic
533 2607 631 2653 finis
650 2614 687 2642 et
705 2609 796 2642 haec
808 2607 917 2653 finis.
946 2603 1021 2641 Pro
1039 2613 1076 2641 et
1092 2605 1283 2651 reperitur
1303 2608 1342 2639 in
1360 2601 1467 2640 libris
1486 2605 1598 2641 editis
1616 2605 1689 2651 vel,

395 2654 505 2703 quod
516 2655 624 2689 MSS.
648 2654 780 2689 Zwice.
806 2667 835 2688 1.
858 2666 898 2689 2.-
910 2653 1022 2688 Luth.
1045 2653 1147 2699 LiPS.
1174 2665 1202 2687 1.
1226 2665 1256 2687 2.
1280 2652 1467 2687 damnant.

343 2712 564 2760 panthera
549 2724 590 2746 m
606 2717 757 2765 ustoque
774 2724 907 2759 genere
926 2718 1015 2746 sunt
1030 2713 1232 2756 promiscue
1245 2710 1409 2756 prolata.
1458 2709 1580 2744 Omisi
1600 2711 1689 2756 pro-

394 2769 535 2794 nomen
552 2757 754 2794 relativum
772 2770 876 2805 quae,
889 2758 989 2805 quod
1006 2758 1094 2793 libri
1115 2757 1207 2792 editi
1223 2762 1310 2804 post
1322 2757 1510 2802 panthera
1529 2762 1686 2803 ponunt,
