1748 3112
312 241 395 285 61‘8
545 273 547 281 .
730 240 854 281 LIB.
887 240 983 283 XV.
1044 240 1186 284 CAP.
1217 244 1279 284 11.

311 369 363 400 ut
375 353 641 412 Carthagine
658 366 772 402 sum,
805 353 1073 411 Carthagine
1091 354 1240 406 venio,
1275 356 1542 414 Carthagine
1559 369 1701 404 mna-

312 430 381 458 eo.
440 415 562 457 Idem
582 424 757 468 semper
775 409 1023 466 pluralibus
1042 410 1290 461 invenitur,
1322 424 1373 455 ut
1384 413 1565 458 Athenis
1584 430 1700 467 sum,
1743 401 1748 468 {j

263 486 287 521 9
312 471 489 516 Athenis
509 466 660 516 venio,
692 465 875 510 Athenis
898 478 1086 513 transeo,
1146 469 1443 517 Inveniuntur
1481 483 1628 514 tamen
1657 482 1702 517 et
1744 472 1748 502 Ῑ

311 544 417 572 cum
442 523 854 584 praepositionibus
886 525 1068 567 nomina
1098 525 1339 569 civitatum
1365 542 1492 584 saepe
1523 530 1701 580 prolata.
1746 533 1748 538 '

311 597 355 628 et
371 583 562 627 maxime
583 583 700 638 apud
722 580 974 625 historicos.
1034 581 1191 625 Livius
1210 583 1256 624 in
1268 587 1373 628 VIII.
1397 586 1449 627 ab
1472 587 1579 630 urbe
1598 599 1704 628 con-

311 643 425 684 dita:
470 643 678 682 Veneram
703 649 742 680 et
769 639 822 679 ab
855 641 1057 679 Lanuuio
1090 644 1301 694 Antioque
1330 645 1513 683 auxilia.
1580 643 1700 685 Salu-

309 699 422 742 stius
451 696 500 739 in
521 694 804 739 Catilinario:
835 698 952 736 Nam
980 706 1071 737 tum
1102 699 1264 738 Brutus
1297 700 1351 738 ab
1378 701 1515 740 Roma
1545 699 1702 749 aberat.
1744 702 1748 717 ³

309 758 434 800 Idem
463 753 514 796 in
533 753 788 809 Iugurtino:
821 753 894 796 Ad
916 754 1078 794 Cirtam
1105 757 1303 807 oppidum
1330 760 1409 796 iter
1427 761 1709 801 constituntur

306 811 463 856 Livius
484 809 532 852 in
555 813 622 852 lx.
654 813 714 851 Et
735 812 901 850 Fabius
923 814 1250 863 supplementum.
1279 813 1333 852 ab
1349 814 1487 853 Roma
1507 815 1702 854 adduxit,

307 871 434 915 Idem
454 867 503 910 in
522 870 628 910 vl11.
663 869 792 920 Quem
810 876 951 907 autem
976 869 1030 907 ab
1049 869 1186 908 Roma
1201 884 1321 921 posse
1341 874 1492 923 excipi.
1550 873 1602 911 ln
1630 883 1702 911 eo·

309 928 432 969 dem:
467 927 562 979 Qua
584 929 657 966 via
679 926 742 965 ad
766 926 812 965 V
806 927 949 964 eserim
956 924 1137 977 ferebat.
1193 924 1412 973 Salustius
1431 925 1479 967 in
1500 929 1532 968 1.
1552 926 1703 968 Histo·
1738 920 1744 934 ’

306 983 501 1026 riarum:
535 982 608 1026 Ad
639 982 863 1036 Olympum
890 990 1016 1034 atque
1045 983 1290 1022 Phaselida.
1350 985 1398 1024 ln
1423 984 1604 1024 eodem:
1636 983 1708 1026 Ad
1740 988 1748 1002 ‘

310 1044 527 1096 Corycum,
559 1048 617 1086 et,
645 1040 779 1092 Apud
797 1041 899 1079 Lete
919 1039 1132 1091 oppidum,
1155 1050 1212 1090 et,
1235 1041 1438 1091 Reputans
1458 1056 1486 1080 a
1511 1042 1613 1081 Lete
1629 1055 1702 1093 ‹tp-2
1746 1071 1748 1081 2

300 1100 409 1156 pido
422 1129 436 1147 ,
482 1108 525 1138 et
553 1096 682 1150 Apud
704 1097 915 1142 Ilerdam,
965 1111 1060 1136 cum
1094 1098 1232 1136 multa
1262 1111 1388 1150 opera
1419 1097 1703 1138 circumdata.
1746 1120 1748 1126 ν

293 1157 458 1200 Ἰόεωε
496 1154 631 1208 Apud
655 1155 881 1193 Praeneste
899 1154 1075 1192 locatus.
1134 1153 1282 1194 Idem:
1323 1154 1458 1207 Apud
1473 1155 1703 1195 flaminum.
1744 1146 1748 1163 ²

305 1216 370 1256 Ex
383 1213 554 1255 Rhodo.
586 1210 768 1253 Plautus
781 1208 830 1250 in
846 1211 1094 1251 Mercatore
1108 1225 1118 1251 :
1135 1211 1301 1253 Navem
1312 1225 1361 1263 ex,-
1369 1211 1532 1259 Rhodo,
1547 1226 1633 1264 qua
1644 1219 1705 1251 est

307 1273 398 1312 heri
420 1269 616 1310 advectus
621 1268 760 1319 filius.
821 1265 1127 1308 Inveniuntur
1157 1277 1303 1308 tamen
1331 1267 1547 1321 quaedam
1569 1266 1705 1310 etiam

307 1324 571 1384 appellativa
601 1323 904 1379 supradictam
941 1325 1137 1378 regulam
1159 1322 1396 1371 servantia,
1429 1335 1481 1365 ut
1501 1323 1703 1372 militiae,

306 1381 534 1430 militiam,
558 1380 733 1429 militia,
759 1379 896 1426 domi,
930 1381 1129 1426 domum.
1153 1382 1301 1427 domo,
1322 1379 1464 1428 humi,
1496 1383 1705 1428 humum.

306 1443 457 1484 humo.
530 1442 581 1480 In
611 1453 635 1479 e
666 1448 913 1494 correptam
945 1437 1017 1477 vel
1047 1435 1280 1492 primitiva
1308 1447 1434 1484 sunt,
1488 1448 1542 1478 ut
1571 1450 1703 1493 pone,

306 1511 438 1555 pene,
470 1511 520 1536 ex
545 1508 635 1551 quo
657 1493 792 1535 etiam
814 1491 936 1534 aliud
958 1491 1179 1534 derivavit
1197 1493 1378 1534 Plautus
1402 1490 1452 1533 in
1473 1494 1708 1536 Mostella-

240 1570 282 1595 ιο
308 1554 393 1596 ria:
447 1555 522 1593 Ita
549 1567 639 1592 mea
673 1553 854 1592 consilia
882 1554 1087 1603 pervortz't
1109 1553 1346 1603 peni-ssime.
1420 1552 1510 1598 Ne,
1551 1563 1703 1614 prope.
1739 1574 1743 1581 =

306 1625 485 1666 nempe,
519 1608 700 1666 quippe,
733 1622 875 1663 saepe,
906 1605 1027 1652 inde,
1060 1617 1104 1647 et
1130 1621 1178 1646 ex
1202 1620 1254 1646 eo
1274 1605 1540 1661 composita,
1574 1607 1706 1648 dem-

308 1671 377 1716 de,
408 1665 614 1716 subinde,
643 1665 843 1720 perinde,
875 1662 1047 1711 exinde,
1078 1661 1284 1718 proinde,
1317 1677 1428 1718 quae
1449 1662 1603 1704 omnia
1622 1676 1711 1715 an·-⁴

306 1722 646 1782 tepenultimam
676 1724 841 1763 habent
873 1730 1061 1770 acutam,
1091 1719 1162 1760 vel
1183 1717 1287 1774 quia
1308 1735 1388 1774 per
1407 1718 1706 1772 adjectionem

306 1784 475 1824 habent
499 1781 574 1827 de,
607 1790 659 1820 ut
676 1778 947 1835 quibusdam
970 1775 1174 1823 videtur,
1206 1775 1328 1816 unde
1356 1776 1613 1831 frequenter
1633 1775 1706 1817 in-

305 1836 519 1886 venimus
548 1834 651 1878 exin
680 1847 724 1876 et
753 1833 874 1876 dein.
951 1831 1166 1888 Virgilius
1194 1830 1242 1872 in
1266 1835 1350 1873 VII.
1391 1834 1508 1872 Exin
1538 1833 1705 1886 Gorgo·

308 1900 400 1937 mis
419 1897 566 1940 Alecto
598 1892 760 1947 infecta
787 1895 965 1932 venenis.
1027 1890 1102 1931 Vel
1127 1887 1268 1944 magis
1290 1887 1394 1943 quia
1414 1889 1705 1945 praepositio-

306 1967 386 1995 nes
411 1960 631 2008 separatae
658 1960 909 2006 gravantur.
967 1949 1026 1989 Et
1053 1957 1104 1987 ut
1132 1949 1399 1996 conjunctae
1432 1959 1526 1987 esse
1553 1956 1704 1987 osten-

309 2006 484 2056 dantur.
515 2016 698 2049 acutum
718 2005 768 2046 in
789 2004 860 2046 his
881 2012 1217 2058 assumpserunt
1236 2013 1486 2048 accentum,
1519 2015 1705 2058 quomo·

309 2068 367 2108 do
388 2077 433 2107 et
450 2061 710 2115 conjunctio
733 2060 785 2107 si.
819 2071 861 2101 et
885 2074 942 2100 ne
974 2056 1254 2104 adverbium,
1286 2070 1390 2100 cum
1416 2072 1703 2114 praeponun·
1744 2091 1748 2110 ,

308 2134 383 2165 tur
409 2121 609 2179 quando,
642 2130 694 2160 ut
721 2117 970 2173 siquando,
1002 2115 1256 2170 nequando.
1316 2116 1428 2172 Nam
1460 2113 1701 2171 aliquando

311 2176 590 2222 differentiae
624 2189 753 2218 eausa
785 2175 840 2215 ad
872 2172 1126 2230 aliquanto,
1159 2172 1282 2228 quod¹
1313 2169 1600 2231 consimilem
1624 2185 1701 2214 so-

245 2363 247 2365 *
356 2349 392 2395 ἓ.
413 2361 448 2394 9.
475 2349 532 2382 Ex
551 2344 693 2379 Rhodo.
718 2341 880 2378 Plautus
897 2341 937 2374 in
955 2343 1067 2376 Mera.
1094 2340 1191 2385 (Act.
1214 2340 1265 2373 ΙΙ.
1286 2338 1345 2373 Se.
1371 2349 1402 2372 1.
1425 2349 1547 2383 vs.52.
1569 2348 1600 2373 ε.
1622 2346 1702 2383 255.

313 2403 316 2406 ·
404 2392 557 2431 Bothe.)
584 2391 639 2424 Ab
658 2388 768 2423 initio
788 2389 846 2422 Ex
863 2387 993 2420 Rhodo
1013 2397 1036 2419 e
1054 2385 1171 2420 Codd.
1194 2391 1232 2418 et
1252 2384 1310 2418 ed.
1335 2383 1451 2418 Paris.
1474 2383 1607 2426 adjeci.
1648 2416 1650 2418 .
1744 2397 1748 2422 :

355 2440 517 2479 Plautus
544 2431 583 2470 in
601 2433 848 2472 Mostellaria.
895 2445 928 2466 v.
952 2431 1031 2466 [nd.
1071 2432 1255 2477 pervertit
1284 2435 1440 2464 tuentur
1467 2429 1587 2464 Codd.
1611 2429 1704 2464 Hei-

374 2524 377 2526 ,
404 2485 503 2520 delh.
525 2482 627 2527 Lips.
649 2493 680 2516 2.
700 2478 838 2515 Dresd.
865 2477 1000 2513 Zwiec.
1026 2490 1057 2512 2.

356 2533 392 2579 §-
418 2543 472 2566 10.
499 2526 828 2574 antepenultimam
855 2530 1003 2559 acutam
1036 2522 1170 2568 scripsi
1199 2521 1407 2557 secundum
1438 2520 1557 2556 Codd.
1586 2521 1701 2556 Luth.
1746 2536 1748 2540 ’

339 2574 342 2578 ’
403 2575 578 2612 Heidelb.
610 2572 743 2606 Zwicc.
767 2583 796 2605 1.
818 2583 849 2605 2.
882 2569 1017 2605 Dresd.
1050 2570 1152 2615 Lips.
1179 2581 1209 2603 1.
1230 2568 1309 2602 Erl.
1334 2580 1362 2602 1.
1387 2581 1419 2602 2.
1448 2579 1518 2612 pro
1547 2574 1703 2602 accentu

407 2628 526 2659 acuto.

359 2673 467 2718 φὺς,
493 2669 533 2701 in
554 2664 639 2702 VII,
664 2676 715 2698 vs.
739 2674 817 2708 541.
868 2661 1054 2698 Salustius
1079 2661 1120 2695 in
1146 2663 1229 2707 Iug-
1265 2672 1320 2707 ιγ,
1340 2672 1373 2695 2.
1439 2660 1540 2706 Virg.
1560 2659 1603 2693 in
1619 2661 1701 2697 III.
1741 2693 1748 2698 ⁴

406 2728 459 2750 vs.
480 2725 536 2749 22.
584 2713 688 2746 Idem
708 2711 748 2746 in
765 2712 815 2744 X.
834 2720 887 2744 vs.
908 2709 988 2753 665.
1013 2707 1136 2753 Vulgo
1155 2706 1300 2753 positus
1320 2713 1377 2742 est
1395 2715 1576 2740 numerus
1594 2704 1702 2751 quin-
1741 2713 1748 2721 Δ

407 2768 469 2798 tus
484 2772 554 2807 pro
573 2757 732 2796 decimo.
