1748 3112
262 248 352 293 504
624 317 628 324 Δ
683 249 814 297 LIB.
842 254 896 295 X.
957 251 1100 301 QAP.
1129 253 1270 297 v111.

270 382 345 406 ses.
400 364 587 408 Deserui
625 380 731 409 vero
761 359 1010 415 desertum,
1057 376 1104 409 et
1139 365 1309 410 inserui
1337 366 1582 419 insertum,
1625 381 1679 414 et-

273 422 423 464 exerui
455 434 655 464 exertum
681 421 855 465 faciunt
885 422 1108 490 supina.
1132 425 1260 480 Quae
1295 439 1404 468 vero
1439 426 1669 493 duplicant

273 493 314 520 ss
335 489 438 520 ante
460 479 489 529 i,
512 490 688 530 mutant
706 479 745 522 si
769 479 815 522 in
829 490 925 524 tum
945 495 993 522 ιιι
1006 479 1202 546 supino,
1218 480 1331 538 gessi
1354 493 1555 549 gestum,
1576 482 1669 549 ussi

272 546 439 578 ustum.
501 528 790 592 Duplicantia
821 551 927 579 vero
961 553 983 579 r
1011 549 1113 580 ante
1132 551 1159 580 o
1188 536 1237 579 in
1267 539 1510 594 praesenti,
1541 554 1592 582 ro
1621 539 1672 582 in

273 607 370 634 sum
401 593 709 635 convertentia
745 593 918 636 faciunt
945 594 1182 660 supinum,
1229 606 1298 636 ut
1310 609 1439 637 curro
1471 610 1669 662 cursum,

207 665 249 700 45
276 662 403 690 verro
434 664 627 694 versum.
686 654 734 692 ln
770 666 819 693 so
842 651 1089 693 desinentia
1119 665 1146 693 o
1167 651 1215 692 in
1243 650 1259 692 i
1283 653 1589 694 convertentia
1607 668 1673 695 as·

275 716 462 747 sumunt
480 705 526 746 vi
549 717 594 748 et
617 706 792 750 faciunt
814 708 1114 760 praeteritum,
1146 718 1197 749 ut
1218 723 1408 758 accerso,
1440 709 1672 755 accersivi.

275 761 491 804 Salustius
522 761 571 804 in
602 763 744 815 primo
775 764 1094 807 Historiarum:
1124 768 1364 806 Domitium
1387 769 1675 819 proconsulem

273 835 322 858 ex·
342 823 531 859 citeriore
552 823 776 874 Hispania
797 838 891 862 cum
909 822 1098 862 omnibus
1117 825 1269 876 copiis,
1293 838 1400 876 quas
1415 828 1670 877 paraverat,

276 874 515 923 accersivit.
574 879 694 919 Idem
722 877 769 919 in
791 881 841 920 11.
864 877 1190 920 Historiarum:
1222 879 1459 932 Argentum
1480 890 1672 920 mutuum

278 937 515 978 accersivit.
574 933 731 977 Cicero
753 949 841 991 pro
854 935 1041 978 Roscio.
1070 937 1315 975 Accersivit
1335 939 1550 990 aliquem?
1593 940 1674 978 La-

1731 363 1748 514 ’ἐ

1738 533 1748 560 .

1741 601 1748 675 ἑ

276 1003 399 1030 cesso
420 989 638 1032 lacessivi.
683 991 757 1034 Sic
774 994 966 1034 Probus:
1001 1003 1045 1033 et
1066 991 1243 1033 videtur
1274 991 1388 1033 mihi
1419 991 1583 1036 melius
1607 992 1674 1035 di-
1738 987 1748 1000 ¹

276 1059 387 1092 cere.
447 1046 743 1111 Participium
762 1042 883 1090 enim
905 1048 1133 1104 passivum
1152 1048 1396 1090 lacessitus.
1445 1051 1587 1105 Caper
1608 1061 1676 1091 ta·

276 1116 379 1146 meu
397 1102 550 1145 lacessi
580 1104 691 1146 dicit
712 1120 828 1153 esse,
860 1116 914 1147 ut
938 1105 1117 1148 facessi·
1149 1117 1193 1147 et
1223 1106 1392 1160 profert
1419 1108 1675 1162 exemplum

276 1157 457 1207 Lucilii,
475 1175 564 1215 quo
581 1176 689 1208 usus
711 1174 788 1208 est,
814 1164 943 1206 xlm.
974 1165 1090 1203 Nam
1105 1174 1222 1203 vetus
1243 1165 1316 1202 ille
1331 1163 1435 1203 Cato
1457 1164 1676 1204 lacessisse

275 1218 504 1268 appellari,
536 1219 650 1271 quod
674 1222 869 1259 conscius
896 1235 979 1260 non
1010 1236 1053 1259 er
1055 1229 1102 1259 at
1133 1224 1222 1274 ipse
1250 1220 1344 1259 sibi.
1405 1221 1493 1262 Sed
1526 1230 1676 1276 potest

273 1271 504 1315 lacessisse
533 1288 614 1339 per
642 1289 885 1329 syncopam
917 1291 1012 1317 esse
1031 1277 1255 1341 prolatum
1287 1273 1335 1315 vi
1363 1277 1577 1329 syllabae,
1623 1287 1676 1318 ut

275 1327 474 1394 cupisse,
495 1329 664 1385 petisse
695 1331 890 1373 dicimus
903 1346 1001 1396 pro
1032 1331 1271 1402 cupivisse,
1303 1331 1534 1388 petivisse.
1592 1335 1678 1376 Sa-

274 1383 474 1428 Iustius
459 1400 508 1426 m
529 1390 726 1429 secundo
740 1386 1079 1430 Historiarum:
1089 1391 1301 1437 ·Diversa,
1320 1392 1388 1428 uti
1405 1392 1524 1440 solet,
1552 1392 1676 1431 rebus

267 1442 451 1494 perditis
473 1444 701 1484 lacessivit.
761 1445 887 1486 Idem
910 1443 960 1484 in
985 1446 1081 1489 1111.
1111 1448 1256 1499 Igitur
1274 1448 1455 1499 legiones
1467 1449 1609 1499 pridie
1629 1451 1676 1488 in

206 1500 254 1545 46
277 1507 412 1537 monte
434 1504 604 1551 positas
635 1503 860 1541 lacessivit.
920 1503 954 1542 F
957 1514 1104 1542 acesso
1139 1515 1320 1557 quoque
1352 1511 1397 1542 et
1429 1515 1610 1558 capesso
1633 1513 1678 1544 et

274 1553 399 1600 viso,
460 1569 571 1610 quae
609 1571 846 1612 possumus
890 1555 1187 1599 desiderativa
1215 1558 1379 1600 dicere.
1439 1558 1678 1615 Significat

276 1608 401 1652 enim
419 1611 588 1653 facesso
610 1613 814 1655 desidero
837 1614 993 1661 facere,
1006 1624 1051 1655 et
1070 1625 1250 1669 capesso
1275 1613 1477 1657 desidero
1500 1629 1674 1678 capere,

276 1677 323 1708 et
356 1665 455 1708 viso
479 1668 682 1710 desidero
710 1669 877 1712 videre.
923 1671 1289 1736 (Frequentativa
1321 1669 1445 1712 enim
1467 1684 1560 1713 esse
1580 1686 1676 1714 ιιοιι

274 1734 478 1780 possunt,
508 1740 614 1767 cum
638 1724 810 1791 primae
829 1738 1171 1791 coujugatlonnis
1184 1741 1278 1768 ιιοιι
1298 1731 1434 1791 suut.)
1465 1729 1588 1769 Haec
1609 1742 1677 1770 ea·

277 1779 380 1822 dem
393 1782 642 1824 secundum
656 1781 927 1825 Diomedem
943 1794 991 1825 et
1000 1782 1256 1826 Charisium
1270 1797 1296 1826 o
1310 1782 1360 1824 in
1380 1781 1398 1824 i
1411 1795 1674 1828 converten-

325 1944 534 1998 duplicant
546 1958 596 1981 ss.
646 1948 786 1983 Delevi
808 1948 859 1982 'in
886 1949 1114 1994 praeterito,
1151 1947 1254 1994 quod
1278 1947 1422 1982 addunt
1449 1947 1540 1982 libri
1565 1946 1675 1992 editi,

371 1990 506 2035 scripti
522 1991 712 2036 ignorant.

325 2058 360 2104 ἓ.
379 2070 402 2103 4
404 2068 435 2104 5
464 2071 611 2096 accerso
633 2063 823 2096 accersivi.
859 2062 983 2107 Vulgo
1002 2073 1147 2096 arcesso
1168 2063 1356 2097 arcessivi.
1405 2061 1576 2101 Praetuli
1591 2062 1676 2108 plu·

369 2105 555 2140 rimorum
577 2107 761 2142 Codicum
781 2108 1002 2150 lectionem,
1033 2119 1128 2153 quae
1157 2108 1295 2142 rationi
1327 2107 1511 2143 Prisciani
1540 2119 1678 2143 conve-

367 2151 545 2185 nientior
566 2159 635 2188 est.
686 2156 783 2188 Ante
809 2154 875 2188 has
901 2154 1087 2188 dictiones
1109 2154 1231 2187 delevi
1262 2154 1445 2189 Codicum
1474 2155 1677 2189 auctorita·
1682 2160 1687 2165 “

369 2202 410 2231 ‘te
427 2199 702 2235 nonnullorum
719 2199 861 2236 lacesso
889 2200 1087 2238 lacessivi:
1110 2211 1198 2234 nam
1213 2200 1259 2235 de
1275 2200 1348 2234 hoc
1363 2200 1476 2246 paulo
1494 2200 1597 2254 infra
1613 2212 1676 2236 ex·

374 2245 543 2289 ponitur.

323 2300 427 2336 Idem
446 2302 486 2334 in
505 2305 559 2337 ΙΙ.
580 2304 682 2337 Hist.
730 2303 803 2338 Pro
827 2309 989 2337 mutuum
1010 2303 1102 2338 Cod.
1123 2302 1236 2337 Luth.
1259 2303 1422 2350 multum,
1446 2315 1541 2351 quae
1559 2304 1676 2339 lectio
1741 2343 1748 2346 Δ

373 2346 527 2381 arridet.

332 2402 405 2438 Cic.
421 2415 490 2450 pro
509 2406 655 2458 Roscio.
681 2417 715 2439 v.
738 2404 820 2440 Ind.
872 2405 1057 2440 Codicum
1085 2407 1218 2442 Zwicc.
1242 2420 1273 2442 2.
1294 2407 1396 2453 Lips.
1420 2419 1452 2442 2.
1473 2407 1678 2442 auctorita·

302 2458 306 2461 “
341 2455 413 2484 'te
431 2450 591 2496 expunxi
611 2463 716 2497 quem
735 2457 802 2485 aut
821 2453 968 2497 quando
988 2458 1073 2497 post
1091 2453 1260 2498 aliquem.

326 2507 456 2542 melius
486 2509 616 2543 dicere.
664 2507 818 2541 Addunt
846 2509 905 2542 his
932 2509 1021 2544 libri
1052 2509 1166 2552 editi,
1203 2509 1375 2546 lacessivi
1395 2520 1503 2563 quam
1530 2507 1674 2545 lacessi.

376 2553 569 2588 Omittunt
583 2553 682 2588 haec
702 2554 810 2588 MSS.
830 2555 1005 2591 Heidelh.
1026 2556 1162 2591 Dresd.
1183 2555 1261 2590 Erl.
1288 2569 1315 2591 1.
1338 2569 1369 2591 2.
1393 2557 1494 2601 LiPS.
1509 2567 1539 2590 2.
1561 2547 1674 2591 Lut'h.

326 2622 403 2646 non
422 2604 503 2646 crat
520 2614 597 2658 ipss
618 2611 784 2648 sibi.1ta
803 2618 954 2646 struunt
973 2613 1090 2648 verba
1106 2613 1214 2648 MSS.
1227 2614 1400 2648 Heidelb.
1416 2612 1527 2647 Luth.
1541 2612 1674 2647 Zwicc.

379 2671 408 2692 ι.
431 2671 461 2693 2.
483 2659 561 2693 Erl.
588 2670 617 2691 1.
641 2669 671 2691 2.
691 2658 829 2693 Dresd.
850 2659 950 2703 Lips.
978 2671 1008 2693 1.
1031 2671 1063 2694 2.
1114 2659 1248 2703 Vulgo,
1275 2661 1353 2704 ipse
1382 2671 1454 2694 non
1481 2665 1563 2693 erat
1589 2656 1672 2693 sibi.

377 2705 481 2740 Unus
499 2699 673 2743 meorum
692 2704 810 2739 Codd.
828 2716 898 2750 pro
917 2716 992 2739 non
1011 2712 1093 2739 erat
1112 2705 1262 2739 exhibet
1279 2712 1418 2740 onerat.

327 2763 487 2808 perditis
505 2762 709 2798 lacessivit.
757 2762 867 2798 MSS.
895 2762 1009 2798 Luth.
1027 2762 1202 2799 Heidelb.
1227 2764 1435 2809 capessivit.
