1748 3112
271 234 353 266 220
718 220 862 262 LIB.⁴
881 223 959 265 vl.
1017 222 1162 264 C‘AP.
1194 225 1228 265 1.

270 334 426 378 nentia
447 332 716 386 foeminina,
741 346 942 390 ‚quorum
961 335 1209 379 masculina
1231 335 1282 378 in
1305 334 1668 396 insplenmiqud

269 391 516 436 terminant
545 389 822 448 genitivum,
862 390 980 433 etin
1009 391 1024 434 i
1059 393 1286 442 dativum,
1316 388 1666 452 Μόᾗυέὁιὲωι-ν

271 452 374 492 dam
391 446 725 506 pronominum.
786 451 945 507 Itaque
956 448 1209 492 foeminina
1234 453 1664 507 quoques'2necnon

272 520 317 549 ot
347 517 504 549 neutra
544 506 724 547 eosdem
759 507 924 547 habent
949 504 1177 562 genitivos
1217 517 1263 548 et
1289 504 1491 552 dativus.⁸
1537 509 1664 552 Vnde

269 564 454 622 quidam
485 560 662 619 decepti
698 560 816 604 inter
845 562 1116 619 pronomina
1142 567 1665 619 posueruntvua-*sunt

270 633 421 663 autem
440 622 573 661 haec:
607 622 741 675 ‘Unus
771 635 861 661 una
879 634 1021 661 unum
1043 618 1180 662 unius
1190 614 1315 666 ‘uni.
1346 621 1574 664 ullus‘uiin
1593 621 1660 663 ul·

269 681 365 720 lum
399 676 533 717 ullius
564 675 668 723 ulli,
712 677 860 717 nullus
890 677 1013 717 nulla
1039 677 1213 718 nullum
1229 675 1402 718 nullius
1421 677 1561 727 nulli,
1591 690 1659 721 σο-

269 738 340 777 lus
370 735 460 775 soIa
489 733 642 775 solum»
667 732 802 774 solius
825 731 935 780 soli,
969 743 1089 774 totus
1113 744 1205 774 tota
1227 745 1372 776 toturn
1393 732 1534 776 totius
1559 732 1662 787 toti,

272 792 382 832 alius
414 788 497 831 alia
531 790 652 832 aliud
682 788 794 830 alius
825 788 926 837 alii,
969 800 1069 830 uter
1087 801 1185 831 utra
1214 802 1366 832 utrum
1387 789 1535 833 utrius
1553 787 1673 839 utri.

225 863 247 896 4
271 849 381 890 :sster
393 849 528 888 altera
547 848 734 887 alterum
757 844 938 887 alterius
957 844 1095 890 alteri.
1137 845 1359 889 Similiter
1376 848 1430 889 ab
1453 846 1518 888 eie
1540 860 1664 889 coui-

267 905 436 957 posita‚
484 914 672 959 uter-que
705 913 895 958 utraque
923 914 1167 959 utrumque
1199 903 1436 960 utriusque
1463 902 1554 945 utri
1590 917 1661 956 ue,

269 963 480 1003 alteruter
519 961 729 1001 alterutra
769 959 841 999 vel
873 960 1006 1001 altera
1042 970 1140 1000 utra
1170 961 1433 1002 alterutrum
1459 960 1529 1001 vel
1557 973 1581 1000 e
1600 969 1664 1000 te·

269 1034 370 1061 rum
410 1028 585 1063 utrum,
627 1014 882 1058 alterutrius
913 1017 987 1056 vel
1027 1015 1209 1058 alterius
1244 1014 1412 1065 utrius,
1455 1013 1662 1058 alterutri

268 1077 340 1116 vel
373 1072 498 1115 alteri
533 1071 621 1114 utri
632 1088 648 1124 3
698 1084 886 1127 utraque
914 1070 1036 1113 enim
1072 1071 1317 1114 declinatio
1349 1071 1400 1113 in
1427 1071 1512 1114 usu‘
1543 1081 1664 1113 vete·

240 1168 241 1171 ,
267 1146 369 1175 rum
394 1141 478 1172 est:
510 1141 669 1171 neuter
690 1139 851 1171 neutra
871 1139 1110 1177 neutrum,
1143 1127 1345 1170 neutrius
1367 1126 1534 1170 neutri.
1572 1127 1664 1170 Sed

266 1190 314 1230 in
342 1189 428 1228 hoc
457 1185 644 1228 nomine
674 1195 835 1226 neuter
870 1200 923 1226 ex
956 1184 1181 1226 contrario
1195 1183 1335 1238 ·aliis,
1378 1181 1662 1242 quae-simili

268 1247 412 1287 forma
443 1241 752 1290 declinantur,
794 1241 1073 1298 frequentior
1099 1253 1165 1282 est
1195 1255 1301 1282 usus
1328 1238 1523 1298 genitivi
1554 1240 1602 1282 in
1629 1234 1663 1292 i',

269 1313 314 1344 et
344 1299 486 1343 dativi
518 1298 568 1340 in
601 1314 627 1339 o
650 1297 933 1340 terminantis
962 1297 1012 1338 in
1036 1297 1285 1339 masculino
1307 1309 1351 1340 et
1378 1293 1553 1339 neutro.
1611 1297 1664 1340 In

268 1355 525 1400 foeminino
557 1369 664 1396 vero
686 1354 735 1395 in
756 1369 805 1395 ae
834 1354 1167 1410 diphthongum
1181 1385 1193 1402 ,
1233 1353 1308 1396 hic
1330 1365 1490 1396 neuter
1510 1364 1557 1395 et
1575 1354 1665 1396 hoc

269 1425 507 1460 neutrum,
540 1415 672 1464 huJ'us
693 1409 867 1459 neutri,
901 1409 1012 1452 huic
1031 1421 1212 1452 neutro:
1245 1413 1352 1452 haec
1371 1422 1553 1461 neutra,
1583 1412 1662 1451 hu-

267 1477 338 1524 jus
361 1482 405 1510 et
422 1468 530 1510 huic
547 1479 747 1510 neutrae.
805 1471 862 1508 Et
881 1465 1145 1516 sciendum,
1185 1469 1323 1523 quod,
1358 1466 1567 1523 quotiens
1583 1480 1664 1509 su·K

269 1525 454 1584 perioru
472 1523 719 1567 masculina
744 1523 793 1564 in
818 1523 834 1563 i
858 1522 1069 1565 desinunt
1089 1522 1136 1564 in
1159 1523 1385 1579 genitivo,
1417 1534 1462 1564 et
1481 1523 1577 1564 iwo
1588 1523 1662 1564 da·

269 1583 380 1632 tivo,
413 1586 515 1634 (hoc
536 1580 657 1624 enim
679 1594 859 1635 quoque
879 1579 1018 1620 rarior
1041 1581 1173 1620 habet
1191 1594 1318 1628 usus,
1352 1590 1396 1621 et
1413 1578 1660 1634 vetustior)

268 1639 519 1682 necessario
560 1635 810 1679 foeminina
855 1636 902 1676 in
940 1651 990 1677 ae
1021 1635 1358 1693 diphthongum
1383 1635 1661 1692 supradictos

219 1710 241 1745 5
267 1697 510 1752 terminant
534 1709 676 1737 casus,
735 1694 888 1750 Itaque
906 1707 1001 1735 non
1014 1694 1164 1734 solum
1185 1707 1276 1735 una
1299 1692 1435 1735 unius
1458 1691 1552 1743 uni,
1581 1693 1661 1735 sed

358 1874 533 1897 meorum
553 1860 736 1895 Codicum
761 1857 868 1893 nullo
887 1858 974 1892 loco
993 1867 1136 1892 nomen
1163 1855 1255 1890 Attii
1273 1856 1339 1898 ita,
1364 1861 1408 1890 ut
1425 1854 1553 1899 edidi‚.
1566 1854 1661 1894 scri-

358 1909 447 1954 psit,
472 1909 539 1943 sed
555 1913 620 1941 aut
637 1917 708 1951 per
727 1911 763 1939 ct
780 1910 845 1938 aut
862 1915 932 1949 per
949 1915 989 1936 cc
1007 1901 1191 1946 scriptum
1209 1914 1339 1936 omnes
1360 1899 1550 1936 exhibent.

311 1955 346 2001 §.
367 1966 401 1999 4.
427 1956 468 1989 in
486 1955 653 2000 genitivo
671 1958 708 1986 et
726 1952 766 1984 in
786 1963 806 1983 ο
826 1951 965 1984 dativo.
1017 1947 1140 1984 Omisi
1156 1954 1244 1983 ante
1265 1949 1394 1982 dativo
1410 1945 1660 1993 praepositio-

359 2012 449 2036 nem
474 2001 514 2034 in
542 1999 652 2035 MSS.
671 1997 808 2033 Dresd.
832 1995 943 2030 Luth.
962 1995 1040 2030 Erl.
1066 2007 1095 2029 1.
1117 2007 1150 2030 2.
1180 1994 1281 2039 Lips.
1308 2006 1337 2029 1.
1358 2006 1389 2029 2.
1419 1993 1657 2029 auctoritate.

359 2047 454 2082 Mox
479 2042 694 2090 transposui
716 2044 830 2077 verba
856 2047 896 2076 et
913 2053 982 2088 pro
1002 2041 1234 2086 supradictos
1262 2042 1301 2074 in
1331 2051 1374 2074 ae
1395 2040 1659 2087 diphthongum
1700 2040 1705 2046 ⁸

358 2092 494 2138 scripsi
513 2090 722 2127 secundum
743 2088 861 2124 Codd.
885 2089 924 2121 in
945 2100 988 2122 ae
1004 2086 1268 2133 diphthongum
1285 2087 1530 2132 supradictos.

274 2180 276 2182 .
313 2152 348 2197 §.
369 2160 402 2195 5.
429 2152 509 2185 Hoc
529 2150 711 2194 judicium
739 2149 796 2181 sic
822 2150 1049 2191 expectatur.
1100 2142 1192 2178 Cod.
1219 2142 1299 2178 Erl.
1323 2155 1355 2178 2.
1385 2142 1660 2189 expectabatur.

272 2193 278 2197 ”
360 2197 469 2231 Idem
489 2196 635 2230 videtur
652 2195 721 2240 pro
746 2197 914 2239 putetur.
962 2190 1032 2225 Est
1048 2189 1308 2235 fragmentum
1325 2187 1508 2238 orationis
1528 2188 1662 2234 deper-

290 2275 292 2278 ,
360 2243 472 2277 ditae.
608 2242 610 2244 ’
1558 2254 1559 2257 =

271 2324 276 2327 -
313 2306 415 2341 Idem
437 2306 489 2338 ad
504 2303 732 2337 Herennium
750 2302 791 2334 in
816 2301 882 2335 VI.
929 2298 1012 2342 Ego
1030 2307 1233 2330 numerum
1253 2294 1355 2338 libri,
1393 2306 1508 2341 quem
1525 2295 1663 2341 optimi

270 2363 277 2381 ι
357 2351 499 2396 auique
529 2349 638 2384 MSS.
670 2347 772 2392 Lips.
798 2354 827 2380 ι’.
859 2343 992 2378 Zwicc.
1018 2355 1046 2377 1.
1069 2355 1100 2378 2.
1131 2341 1305 2377 Heidelb.
1336 2341 1382 2375 Li
1408 2353 1438 2377 s.
1461 2354 1492 2376 2.
1519 2342 1658 2377 Dresd.

358 2389 438 2431 Erl.
461 2409 492 2430 2.
520 2397 583 2430 VI.
608 2394 804 2433 referunt,
829 2393 938 2436 posui
962 2400 1031 2434 pro
1053 2388 1153 2432 vulg.
1177 2389 1240 2422 IV.
1291 2388 1360 2421 Est
1411 2387 1462 2422 ib.
1482 2389 1547 2422 IV.
1568 2389 1622 2423 Ca
1648 2415 1657 2422 .

309 2473 314 2480 .
358 2449 414 2486 48.
467 2442 549 2476 MS.
578 2441 657 2474 Erl.
691 2451 721 2474 1.
753 2437 906 2472 exhibet
934 2437 1006 2469 ΙΙΙ.
1055 2433 1207 2468 Deinde
1232 2445 1302 2479 pro
1332 2445 1405 2467 non
1434 2433 1536 2469 idem
1564 2434 1619 2469 Co
1649 2460 1657 2469 .

342 2489 511 2534 'scripsit
539 2499 678 2521 annon.
726 2483 924 2529 Denique,
951 2479 1053 2527 quod
1081 2479 1316 2514 desideratur
1341 2479 1382 2513 in
1406 2478 1514 2514 libris
1533 2478 1659 2523 editis,

292 2538 297 2541 ”
344 2536 414 2571 ud*
432 2547 493 2569 res
517 2543 541 2568 e
559 2533 666 2568 MSS.
691 2529 804 2565 Luth.
825 2529 928 2574 Lips.
954 2539 984 2561 1.
1007 2539 1039 2562 2.
1059 2526 1193 2560 Zwicc.
1219 2538 1247 2561 1.
1271 2538 1304 2561 2.
1323 2524 1499 2560 Heidelh.
1531 2524 1659 2560 addidi

361 2589 454 2616 tota.
470 2622 473 2625 ,

319 2639 514 2675 Terentius
541 2638 583 2671 in
606 2640 811 2672 Heautont.
854 2633 923 2671 Est
949 2632 1030 2666 Aet.
1056 2631 1128 2665 ΙΙΙ.
1159 2630 1218 2665 Sc.
1239 2641 1274 2675 5.
1302 2641 1357 2664 vs.
1381 2640 1439 2675 30.
1486 2629 1590 2665 Idem
1618 2630 1659 2663 in

364 2687 463 2723 Eum:
506 2684 577 2717 Est
595 2684 675 2717 Act.
695 2682 738 2716 V.
761 2683 821 2716 Se.
839 2692 873 2725 7.
893 2691 947 2714 vs·
965 2690 998 2722 3.

322 2730 519 2768 caeciliu-x.
566 2729 649 2764 MS.
664 2728 774 2773 Lips.
799 2738 829 2760 1.
849 2728 901 2761 Et
925 2724 1052 2760 eilias.
1098 2723 1181 2759 Hac
1197 2721 1424 2758 auctoritate
1437 2720 1551 2767 posui
1569 2721 1660 2755 eoe-
