1748 3112
197 1140 236 1165 11

267 231 344 279 172
703 218 825 269 Lm.
854 221 905 262 v.
965 217 1103 261 cAP.
1135 218 1197 260 11.

263 335 418 398 Caup'o
441 345 618 390 quoque
628 345 827 388 caupona
845 329 964 381 facit,
989 332 1109 388 quod
1133 341 1198 374 est
1210 341 1300 375 tam
1321 330 1499 378 taberna
1508 346 1644 391 quam

262 391 447 438 mulien-3
498 400 540 430 et
570 390 624 430 ad
653 387 949 431 imitationem
982 392 1249 433 Graecorum
1281 391 1350 432 leo
1388 391 1542 432 leaena
1574 390 1643 432 vel

262 447 351 496 lea,
393 449 521 487 draco
552 447 787 495 dracaena,
818 447 962 487 strabo
990 448 1145 488 straba.
1199 450 1249 489 In
1277 462 1309 488 u
1338 457 1496 490 neutra
1523 455 1641 494 sunt,

261 518 426 551 cornu,
460 505 576 559 gelu,
613 517 742 560 genu.
800 504 848 544 In
878 516 903 544 c
927 504 1017 544 duo
1036 514 1140 544 sunt
1162 514 1341 552 neutra,
1372 505 1462 546 hoc
1488 505 1558 545 lac
1574 504 1645 545 la-

262 560 368 607 ctis,
412 571 457 601 et
486 561 578 600 alec
596 558 738 602 alecis.
781 561 829 600 In
863 561 892 600 d
912 570 1066 601 neutra
1093 570 1196 602 sunt
1215 559 1326 616 quil!
1358 561 1432 603 vel
1463 561 1582 619 quod
1600 570 1645 603 et

262 616 404 665 aliud;
427 619 535 657 haec
558 615 678 657 enim
704 614 815 658 ratio
835 615 1016 658 nomina
1045 631 1138 658 esse
1169 616 1387 666 ostendit;
1412 627 1457 658 et
1485 617 1645 674 Bogud

261 672 476 729 Bogudis,
508 687 674 714 nomen
699 674 955 722 barbarum,
996 675 1114 730 quod
1137 672 1291 716 Livius
1320 673 1371 716 in
1394 674 1544 716 cxnl.
1572 673 1645 715 de·

263 730 447 771 clinavit
477 728 690 786 Bogudis.
731 733 777 770 ln
811 730 849 770 al
880 728 1018 770 latina
1038 741 1192 772 neutra
1221 741 1328 772 sunt
1348 730 1523 778 omnia,
1563 728 1646 772 tri·

259 787 412 835 huual,
444 787 643 835 cervical,
675 784 880 843 vectigal.
903 785 1133 842 Excipitur
1146 787 1648 841 unummonoayllabum

261 843 584 892 masculinum,
614 842 693 885 hic
712 843 773 884 eal
799 844 912 884 salis.
954 843 1198 886 Terentius
1221 842 1269 885 in
1281 846 1527 886 Eunucho:
1561 844 1647 895 Qui

262 902 388 940 habet
407 904 455 940 in
474 916 516 939 se
537 902 683 941 salem.
725 900 878 942 Salust.
899 898 947 940 in
966 899 1220 958 Iugurtino:
1250 904 1394 955 IVeque
1414 902 1545 941 nalem
1570 915 1646 939 ne-

264 973 342 1012 que
369 959 464 996 alia
496 961 767 997 irritamenta
783 959 927 1011 gulae.
965 956 1264 999 Inveniuntur
1282 968 1428 999 tamen
1452 968 1496 998 et
1521 967 1645 997 vetu-

265 1012 642 1069 stissimiquidam
661 1012 795 1054 etiam
806 1023 964 1055 neutro
987 1028 1148 1069 genere
1163 1016 1248 1056 hoc
1266 1012 1515 1069 protulisse.
1547 1015 1647 1055 Bar·

265 1071 368 1111 bara
393 1069 440 1110 in
472 1071 512 1111 al
542 1069 787 1111 desinentia
817 1070 1059 1111 masculina
1080 1081 1198 1119 sunt,
1230 1069 1464 1116 Hannibal,
1497 1068 1647 1111 Hiem-

263 1127 386 1184 psal,
427 1127 686 1169 Hasdrubal.
725 1129 776 1168 In
808 1127 846 1167 el
877 1137 1122 1182 correptam
1155 1126 1300 1168 neutri
1328 1123 1500 1183 generis
1529 1136 1649 1180 sunt,

263 1183 376 1232 mel,
416 1183 499 1231 fel,
532 1184 701 1231 subtel,
741 1182 788 1226 τὸ
815 1189 958 1227 κοῖλον
979 1189 1056 1226 τοῦ
1079 1183 1221 1235 ποδός.
1252 1185 1303 1224 In
1323 1183 1363 1224 el
1385 1183 1648 1238 productam

261 1242 442 1282 barbara
471 1237 717 1281 masculina
746 1238 1064 1290 inveniuntur,
1103 1239 1179 1281 hic
1200 1238 1415 1287 Michael,
1455 1236 1645 1287 Gabriel,

258 1298 384 1340 Abel.
427 1300 478 1338 In
499 1295 532 1337 il
555 1310 698 1337 unum
719 1296 1043 1344 masculinum,
1089 1297 1236 1351 pugil;
1277 1310 1421 1337 unum
1442 1295 1646 1337 foemini-

263 1368 390 1400 num,
414 1350 648 1407 Tanaqui13
678 1367 821 1394 unum
833 1366 1088 1399 commune,
1120 1352 1253 1409 vigil;
1285 1363 1646 1394 unumneutrum

266 1409 606 1456 indeclinabile,
655 1408 791 1458 nihil,
833 1410 953 1466 quod
979 1423 1058 1465 per
1087 1422 1351 1465 apocopam,
1395 1408 1444 1450 id
1476 1420 1542 1450 est
1572 1424 1650 1465 per

259 1465 564 1507 'abscisionem
589 1476 806 1507 extremae
827 1466 1028 1519 syllabae,
1058 1466 1110 1506 ab
1134 1480 1199 1513 eo,
1221 1466 1342 1520 quod
1363 1465 1647 1515 estnihilum,

255 1523 433 1564 'factum
455 1533 523 1564 est
542 1520 672 1563 nihil.
704 1525 754 1563 ln
775 1523 818 1562 ol
842 1537 983 1563 unum
1005 1532 1069 1562 est
1088 1521 1411 1569 masculinum,
1442 1523 1507 1564 sol
1528 1522 1648 1565 nolio.

267 1580 319 1622 ln
334 1581 375 1619 ul
391 1593 569 1634 quoque
587 1593 727 1619 unum
742 1577 960 1635 reperitur
979 1578 1278 1620 masculinum
1296 1576 1524 1628 Latinum,
1545 1593 1650 1622 con-

261 1636 359 1684 s'u13
394 1637 483 1688 duo
510 1633 787 1683 eommunia,
821 1636 1018 1691 praesul,
1051 1636 1171 1682 exul,
1206 1645 1250 1676 et
1271 1636 1452 1676 barbara
1473 1637 1648 1686 Suthul,

264 1693 470 1742 Muthul,
523 1703 568 1734 et
608 1702 714 1734 sunt
739 1691 938 1750 propria,
991 1706 1100 1749 quae
1139 1691 1244 1734 ideo
1280 1690 1461 1749 quidam
1494 1703 1651 1736 neutra

312 1867 436 1897 cornu,
463 1855 563 1902 gelu,
617 1869 698 1893 enu.
749 1859 852 1893 Genu
866 1856 940 1893 scri
967 1856 999 1890 si
1024 1868 1093 1901 pro
1113 1867 1216 1897 veru,
1241 1853 1344 1901 quod
1368 1854 1459 1888 libri
1477 1855 1652 1902 impressi

356 1901 511 1945 hahent,
543 1905 587 1938 M
617 1903 652 1937 S.
675 1902 808 1938 Zwicc.
829 1905 929 1938 Dres
960 1929 968 1937 .
989 1902 1092 1948 Lips.
1116 1913 1146 1936 1.
1168 1914 1201 1936 2.
1221 1907 1383 1936 secutus.
1432 1902 1515 1937 MS.
1536 1903 1650 1937 Luth.

356 1960 447 1982 veru
466 1949 512 1982 ab
530 1949 641 1984 initio
661 1961 773 1995 supra
790 1950 974 1994 scriptum
992 1949 1156 1983 exhibet.
1196 1947 1290 1982 Edd.
1313 1948 1404 1982 Ven.
1426 1959 1455 1982 1.
1476 1960 1508 1983 2.
1530 1961 1653 1992 cornu,

315 1995 584 2076 τῇἰῖῗέαῗῖἵί
602 1996 817 2075 {itachia
834 1995 1210 2075 ἒεῖνῐέοῗῐέἲῖιῗὲο.
1234 2051 1264 2073 1.
1283 2051 1336 2073 vs.
1357 2050 1411 2074 ιο.
1442 2041 1516 2086 ραι·
1543 2040 1655 2076 mee

355 2088 397 2120 in
424 2098 462 2120 se
491 2086 618 2121 salem.
667 2088 726 2121 Ita
753 2088 861 2122 MSS.
885 2087 1019 2121 Zwicc.
1043 2099 1071 2120 1.
1093 2099 1125 2121 2.
1145 2084 1256 2119 Luth.
1283 2085 1419 2120 Dresd.
1442 2086 1545 2132 Lips.
1566 2098 1597 2122 ι.
1619 2100 1652 2122 2.

356 2143 389 2176 3.
409 2131 488 2166 ΕΗ.
513 2145 542 2167 1.
560 2143 594 2169 ’2.
615 2132 791 2167 Heidelb.
823 2133 918 2168 Edd.
942 2134 1075 2167 Colon.
1095 2133 1178 2166 Bas.
1199 2133 1293 2165 Ven.
1317 2143 1346 2166 1.
1366 2144 1399 2167 2.
1418 2133 1570 2168 Putsch.
1583 2134 1656 2179 nqui

355 2178 470 2212 habet
486 2178 612 2219 salem,
630 2180 727 2225 quod
742 2180 783 2213 in
798 2185 835 2214 te
851 2186 920 2214 est.
945 2179 1101 2214 Rectius
1118 2178 1191 2212 hoc
1211 2177 1378 2223 quidem,
1396 2177 1429 2211 si
1446 2177 1494 2213 ad
1509 2185 1657 2214 textum

355 2223 530 2257 Terentii
551 2225 723 2269 exegeris
740 2225 970 2267 lectionem3
997 2225 1197 2259 damnatur
1214 2234 1306 2257 vero
1326 2235 1348 2257 a
1367 2223 1485 2257 Codd.
1503 2225 1656 2259 Memo—

355 2268 414 2302 ria
434 2268 668 2303 Priscianum
684 2269 758 2303 hoc
776 2281 927 2315 quoque
943 2271 1028 2304 loco
1045 2271 1193 2314 lapsum
1208 2269 1334 2303 nullus
1353 2268 1532 2313 equidem
1549 2268 1657 2304 dubi-

359 2320 415 2357 to,
441 2326 528 2348 cum
540 2315 700 2351 Codices
718 2317 795 2350 mei
815 2327 945 2350 omnes
963 2316 1046 2349 sine
1061 2314 1314 2348 haesitatione
1331 2314 1551 2358 lectionem,
1575 2321 1658 2350 tex—

323 2382 325 2385 .
360 2360 418 2394 tui
446 2361 620 2395 Terentii
646 2372 781 2405 parum
807 2367 1081 2406 congruentem
1108 2360 1290 2395 referant.
1348 2361 1472 2395 Locus
1503 2361 1658 2396 Salustii

359 2406 552 2451 reperitur
569 2407 610 2441 in
637 2407 836 2452 lugurtino
858 2408 946 2452 Cap.
965 2413 1022 2453 89.

316 2455 352 2501 S.
379 2464 429 2487 ιι.
456 2452 556 2489 Abel
578 2453 710 2498 scripsi
730 2465 799 2498 pro
821 2454 998 2498 Raphael
1025 2451 1234 2487 secundum
1252 2451 1412 2487 Codices
1439 2463 1568 2497 meos,
1593 2453 1658 2500 qui

361 2509 502 2533 nomen
512 2499 687 2544 Raphael
701 2499 889 2544 ignorant.
916 2499 1076 2534 Gabriel.
1104 2498 1227 2533 Omisi
1241 2509 1453 2544 pronomen
1469 2500 1543 2542 Ιιίσ,
1557 2500 1659 2546 quod

361 2544 454 2580 libri
479 2542 654 2590 impressi
681 2544 835 2579 hahent.
884 2544 979 2579 Edd.
1010 2546 1103 2579 Ven.
1138 2557 1167 2578 1.
1197 2557 1229 2578 2.
1261 2544 1443 2578 omittunt
1469 2545 1659 2588 Nec-tobel,

364 2589 469 2637 quod
484 2590 525 2624 in
541 2590 736 2638 plerisque
756 2591 983 2625 editionibus
1007 2596 1092 2636 post
1110 2591 1286 2635 Raphael
1301 2590 1456 2636 legitur.
1502 2591 1584 2636 Ego
1602 2602 1658 2625 se«

365 2643 475 2672 cutus
502 2648 588 2672 sum
603 2637 701 2672 hanc
726 2637 954 2672 sententiam
981 2648 1026 2671 eo
1047 2636 1240 2678 fidentius,
1264 2648 1351 2671 cum
1370 2643 1409 2670 et
1425 2637 1534 2672 MSS.
1555 2636 1658 2682 Lips.

366 2694 400 2717 2.
420 2682 498 2717 Erl.
524 2695 552 2717 z.
576 2695 606 2718 2.
624 2683 785 2717 aliorum
813 2694 861 2718 ue
879 2682 1104 2717 auctoritate
1122 2682 1342 2717 confirmari
1359 2681 1539 2719 viderem.
1574 2683 1659 2718 MS.

366 2728 542 2765 Heidelh.
565 2728 691 2764 omisit
709 2731 789 2766 Abs
804 2754 816 2771 ‚
840 2729 964 2765 refert
978 2734 1108 2764 autem
1129 2727 1319 2766 Nectabel.
