1748 3112
182 1039 219 1064 :n

260 283 343 328 588
679 286 804 328 LIB.
835 287 958 328 xlv.
1022 286 1163 330 CAP.
1194 290 1253 331 11.

260 411 375 442 stere
390 399 682 457 proferuntur
705 399 1075 465 praepositiones,
1108 404 1437 457 monosyllabae
1454 400 1568 447 'vero
1591 415 1654 446 et·

259 456 350 498 iam
374 458 491 515 apud
511 461 663 513 poetas
686 455 869 499 diffic1le
901 468 1075 500 mutant
1105 457 1324 512 ordinem,
1354 470 1406 502 ut
1427 462 1546 518 apud
1568 463 1652 502 Te·

258 513 458 557 rentium
482 512 530 555 in
552 513 737 555 Andria:
770 517 799 554 l
817 530 939 568 prae,
962 530 1131 570 sequor.-
1162 515 1247 557 nisi
1270 531 1386 560 cum.
1439 520 1506 560 -Ea
1528 515 1651 559 enim

256 572 347 613 sola
379 583 469 612 tam
488 572 606 627 apud
634 581 801 626 poetas,
836 585 968 638 quam
998 574 1114 628 apud
1138 572 1350 630 reliquos.
1368 570 1652 631 praepostere

254 643 359 670 cum
381 626 728 684 pronominibus
747 639 945 684 ponitur,
978 640 1029 670 ut
1048 630 1217 672 dictum
1237 643 1314 680 est,
1338 631 1423 680 his,
1453 645 1651 680 mecum,

253 695 429 731 tecum,
462 699 638 738 secum,
670 684 929 734 nobiscum,
962 686 1219 728 vobiscum:
1281 702 1366 731 nec
1395 702 1488 732 non
1515 685 1651 729 etiam

253 756 466 797 quocum,
501 741 700 799 quicum,
742 756 948 799 quacum,
991 743 1274 799 quibuscum.
1334 745 1509 788 Mediae
1540 757 1652 801 quo·

251 813 340 854 que
360 810 606 854 ponuntur,
637 809 688 840 ut
708 813 792 856 qua
819 802 873 841 de
893 815 954 849 re,
986 815 1116 857 quam
1135 802 1192 842 ob
1219 817 1327 852 rem,
1360 817 1468 859 quas
1487 802 1546 843 ob
1565 814 1650 847 res,

251 869 338 912 qua
367 855 415 896 in
442 866 578 912 parte.
638 859 731 899 Nee
759 871 850 898 non
882 859 1049 898 habent
1085 860 1302 914 quandam
1335 857 1651 925 cognationem

249 927 357 954 cum
383 912 608 955 adverbiis
636 913 854 956 localibus
884 914 1149 972 plerumque
1179 915 1550 973 praepositiones.
1597 923 1649 955 ut

249 968 325 1019 in,
361 971 416 1011 ad
444 970 618 1019 locum,
652 981 695 1012 ct
725 969 772 1012 in
800 971 924 1013 loco:
966 985 988 1012 a
1015 982 1059 1012 et
1087 973 1139 1014 ab
1170 982 1213 1014 et
1243 987 1267 1014 e
1296 985 1339 1014 et
1362 988 1412 1014 ex
1446 973 1502 1014 de
1529 973 1647 1013 loco.

249 1026 494 1069 Sciendum
515 1037 682 1076 tamen,
709 1029 831 1082 quod
854 1028 973 1070 nulla
992 1027 1076 1070 alia
1098 1044 1195 1086 pars
1216 1028 1262 1070 in
1293 1046 1320 1071 x
1341 1027 1505 1071 desinit
1525 1028 1648 1086 apud

246 1082 433 1126 Latinos
476 1083 566 1126 nisi
600 1085 789 1126 nomina
822 1096 867 1126 et
896 1100 946 1126 ex
968 1085 1269 1142 praepositio,
1330 1099 1449 1142 quae
1477 1087 1645 1127 Graeca

244 1151 336 1188 est,
369 1152 413 1183 et
434 1140 535 1190 vix,
569 1152 612 1183 et
631 1156 760 1187 mox.
794 1152 837 1182 et
866 1157 949 1201 pax
978 1142 1238 1185 adverbium
1273 1141 1527 1199 comicum,
1557 1154 1646 1198 quo
1712 1160 1715 1172 «

243 1196 390 1239 utitur
418 1197 683 1246 Terentius,
733 1200 850 1255 quod
894 1198 1100 1242 similiter
1129 1202 1347 1243 Graecum
1378 1200 1474 1243 est.>
1531 1201 1648 1242 Sunt

244 1268 358 1311 quae
389 1253 438 1296 in
469 1255 806 1312 compositione
841 1255 1074 1299 elisionem
1105 1257 1359 1314 patiuntur,
1392 1266 1443 1299 ut
1465 1268 1551 1299 con
1576 1270 1646 1298 se-

243 1322 410 1367 quente
436 1313 594 1361 vocali,
639 1327 762 1362 coeo,
806 1328 1013 1370 coarguo,
1063 1325 1254 1364 coarcto,
1288 1326 1487 1362 coerceO,
1520 1323 1645 1356 coae-

241 1383 345 1425 quo.
419 1370 586 1412 Contra
619 1384 698 1427 pro
727 1381 940 1427 sequente
971 1370 1119 1413 vocali
1153 1373 1180 1412 d
1212 1371 1421 1420 assumit,
1466 1371 1640 1428 prodes,

238 1427 445 1481 prodest,
477 1428 738 1484 prodeunti,
778 1429 997 1484 prodesse.
1060 1428 1290 1484 Quaedam
1324 1426 1459 1470 etia'm
1488 1441 1643 1481 synco-

235 1497 340 1539 pam
370 1499 522 1540 passae
549 1493 670 1533 sunt,
703 1495 754 1525 ut
779 1497 910 1539 supra
938 1490 1020 1540 pro
1042 1499 1214 1540 supera,
1247 1495 1291 1526 et
1311 1483 1426 1526 in’fra
1456 1497 1539 1540 pro
1573 1484 1640 1525 in-

238 1539 346 1588 fera,
369 1551 412 1582 et
436 1551 555 1582 extra
579 1555 661 1596 pro
685 1551 845 1583 extera.
888 1543 1003 1583 Nam
1016 1540 1200 1596 -antiqui
1223 1541 1448 1595 trisyllaba
1470 1554 1518 1582 ea
1538 1555 1637 1596 pro-

236 1595 456 1645 ferebant,
489 1607 541 1637 ut
563 1596 724 1639 Cicero
746 1597 793 1637 in
814 1599 970 1640 Arato:
1009 1601 1167 1638 Torvus
1186 1601 1336 1638 Draco
1375 1600 1506 1651 serpit
1534 1599 1637 1638 sub-

237 1662 302 1692 ter
320 1669 550 1710 superaque
575 1664 813 1708 retorquens
835 1670 930 1694 sese.
991 1657 1108 1697 Usus
1131 1664 1276 1695 tamen
1299 1653 1459 1700 tenuit.
1481 1663 1529 1694 ut
1550 1654 1636 1696 di!-

235 1709 402 1762 syllaba
431 1709 570 1775 magis
606 1725 654 1751 ea
686 1711 979 1767 proferantur.
1042 1712 1138 1752 Nec
1163 1712 1306 1752 solum
1339 1709 1636 1766 praepositio·

235 1780 337 1814 nes,
370 1769 448 1808 sed
469 1778 603 1808 etiam
637 1766 842 1809 adverbia
871 1778 976 1809 sunt
996 1782 1044 1810 ea
1066 1781 1147 1823 pro
1167 1767 1287 1809 varia
1306 1759 1635 1824 significatione

234 1822 510 1881 accipienda.
554 1827 745 1880 Oportet
762 1834 911 1865 autem
934 1823 1061 1874 scire,
1080 1825 1201 1879 quod
1226 1824 1382 1867 Graeci
1402 1825 1634 1882 proprium

234 1878 393 1922 di‘cunt
427 1895 519 1923 esse
539 1879 908 1937 praepositionis,
939 1892 991 1923 ut
1010 1880 1126 1922 nihil
1160 1891 1331 1923 certum
1352 1896 1431 1938 per
1450 1894 1498 1923 se
1517 1881 1633 1940 pooi7

233 1947 306 1978 tae
328 1937 425 1979 sine
442 1937 541 1979 aliis
560 1937 759 1994 partibus
779 1936 995 1982 orationis
1014 1936 1263 1994 significare
1282 1937 1466 1993 possint,
1480 1939 1543 1979 lut
1561 1953 1633 1981 su·

232 2007 311 2051 pra
343 1993 517 2036 dictum
562 2004 649 2039 est,
697 1996 847 2050 quales
893 2005 997 2035 sunt
1031 2009 1146 2050 pene
1176 1997 1294 2048 apud
1333 2009 1416 2038 nos
1449 2009 1630 2051 quoque

232 2063 391 2092 omnes
411 2051 754 2105 monosyllabae,
770 2060 819 2090 ut
837 2051 890 2091 ad
909 2052 965 2091 ob
986 2066 1064 2107 per
1081 2064 1160 2105 pro
1181 2065 1285 2105 prae
1307 2065 1329 2091 a
1352 2053 1405 2092 ab
1425 2052 1501 2096 abs
1525 2065 1629 2095 cum

232 2107 300 2152 de,
315 2121 339 2148 e
361 2121 425 2149 ex.
486 2109 578 2158 Nec
594 2121 688 2148 non
708 2106 840 2149 etiam
862 2105 1197 2162 dissyllabarum
1219 2109 1450 2162 quaedam,
1482 2118 1534 2150 ut
1553 2122 1627 2150 an-

229 2173 275 2205 te
295 2174 480 2220 praeter.
540 2167 636 2206 Hae
659 2162 784 2205 enim
806 2164 863 2205 ad
888 2163 1373 2220 sensumsequentium
1396 2163 1628 2222 significa-

228 2219 379 2262 tiones
400 2235 498 2263 suas
531 2221 888 2273 accommodant,
919 2231 970 2262 ut
992 2221 1044 2261 ad
1068 2222 1203 2262 modo
1229 2235 1456 2276 personae,
1487 2223 1625 2264 modo

227 2277 346 2330 loco,
376 2288 443 2321 est
463 2279 641 2335 quando
665 2276 859 2333 tempori
877 2276 1150 2334 adjungitur,
1181 2278 1248 2319 vel
1270 2290 1471 2322 numero.
1517 2279 1624 2321 Per-

309 2431 433 2475 ²Luth.
455 2440 631 2476 Heidelb.
655 2431 788 2475 Zwiccss
810 2440 912 2487 Lips.
937 2453 967 2474 1.
989 2453 1020 2475 2.
1046 2441 1125 2476 Erl.
1151 2453 1180 2475 1.
1202 2453 1234 2477 2.
1255 2441 1395 2476 Dresd.
1413 2420 1509 2478 Ed'd.
1527 2443 1620 2478 Ven.

313 2499 474 2533 prosam·

277 2547 471 2588 Terent-ius
499 2547 539 2581 in
559 2545 717 2582 Andria.
743 2545 823 2579 Act.
850 2546 878 2578 I.
904 2545 962 2579 Sc.
989 2557 1094 2580 1.-vs.
1117 2545 1186 2579 ult.
1218 2557 1348 2591 sequor
1368 2558 1438 2592 pro
1466 2547 1620 2593 vulgato

316 2603 450 2638 sequar
466 2592 620 2646 reposui
642 2602 663 2625 e
683 2590 800 2625 Codd.
813 2591 922 2624 Luth.
936 2591 1110 2626 Heidelb.
1125 2590 1259 2627 Zwicc.
1272 2591 1374 2636 Lips.
1391 2606 1420 2627 ι.
1445 2593 1524 2628 Erl.
1542 2606 1571 2627 ι.
1587 2606 1616 2628 2.

236 2640 238 2643 ’
269 2655 312 2684 ut
333 2650 470 2684 dictum
487 2657 556 2690 est,
582 2650 651 2683 his.
699 2649 836 2694 Vulgo,
862 2654 904 2682 ut
918 2650 1151 2693 praedictum
1176 2655 1240 2691 est,
1263 2649 1402 2684 omisso
1419 2650 1490 2686 his.
1535 2650 1618 2696 Ego

258 2713 259 2716 ¹
294 2732 300 2742 ¹
318 2694 502 2731 Codicum
518 2697 785 2730 auctoritatem
801 2693 1033 2739 sequendam
1053 2706 1135 2729 esse
1154 2695 1294 2739 putavi.

270 2746 311 2775 ut
333 2741 385 2783 in,
414 2744 466 2776 ad
485 2742 612 2776 Iocum.
660 2742 756 2775 Ante
784 2741 836 2773 ad
853 2741 1016 2786 expunxi
1035 2747 1072 2774 et
1088 2741 1205 2775 Codd.
1225 2742 1340 2784 jussu.

233 2824 235 2827 -
270 2798 313 2843 §.-
331 2810 382 2833 ιι.
411 2806 447 2833 et
462 2811 551 2845 pax.
592 2798 776 2842 Adiicitrir
793 2797 905 2843 vulgo
922 2797 1119 2836 παντελῶς.
1168 2800 1350 2844 Ignorant
1369 2799 1468 2835 hanc
1485 2810 1615 2835 vocem
