1748 3112
301 264 389 310 416
681 266 807 307 LtB.
841 264 973 307 VIII.
1030 262 1170 307 CAP.
1200 265 1329 306 xlv.

233 392 278 434 78
303 395 409 436 quae
443 383 720 432 oportuerint‚
758 378 891 431 facta
930 394 1012 419 non
1036 382 1133 419 sint.
1192 380 1250 420 Et
1279 375 1537 426 sciendum,
1575 379 1694 434 quod

301 435 453 479 omnia
487 434 798 491 impersonalia
830 434 985 477 tertiae
1013 433 1295 491 passivorum
1327 449 1538 490 personae
1562 444 1695 476 votes

298 495 483 540 habent,
517 490 709 547 exceptis
736 490 1028 548 supradictis,
1061 502 1104 532 et
1124 489 1221 534 aliis
1243 489 1420 546 paucis,
1451 501 1502 532 ut
1524 490 1693 539 evenit,

299 560 452 598 vacat,
494 547 739 602 contingit,
783 548 973 597 accidit,
1015 547 1168 604 liquet.
1229 551 1342 590 Sunt
1368 557 1411 589 et
1431 546 1515 588 alia
1545 548 1689 594 verba,

302 621 414 664 quae
441 620 491 647 ex
527 605 776 646 verbalibus
807 616 1048 646 nascuntur
1079 603 1364 652 nominibus,
1395 605 1538 654 vellex
1563 601 1694 660 parti-

304 662 458 718 cipiis,
490 673 542 703 ut
563 675 587 702 a
610 675 712 718 rego
746 676 843 710 rex,
886 676 909 702 a
931 677 1029 718 rege
1062 675 1223 716 regum
1256 675 1276 700 a
1298 663 1438 703 ducor
1458 661 1640 707 ductus,
1673 674 1696 700 a

304 734 393 777 quo
423 721 558 761 ducto
590 720 766 767 ductas;
808 733 830 759 a
860 719 980 773 legor
1010 719 1174 765 lectus,
1206 732 1228 758 a
1250 731 1339 773 quo
1365 716 1551 758 lecturio
1575 728 1618 757 et
1636 717 1696 767 le-

305 776 442 823 etim,
486 777 538 816 de
560 775 716 831 quibus
746 790 872 830 supra
899 773 1147 815 docuimus.
1207 778 1261 815 Et
1285 773 1543 821 sciendum,
1575 773 1697 829 quod

304 835 561 888 frequenter
592 832 710 887 apud
736 835 923 874 Graecos
954 846 1003 871 ex
1030 829 1294 871 nominibus
1325 829 1596 887 dignitatum
1629 842 1697 870 so-

302 893 399 933 lent
429 888 619 930 derivari
647 891 801 939 verba,
847 902 958 953 quae
990 898 1137 927 actum
1162 888 1232 927 vel
1261 884 1697 928 administrationem

303 946 442 1002 ipsius
466 944 693 1001 dignitatis
717 944 992 1000 significent,
1023 954 1073 984 ut
1096 943 1316 998 οἰκονόμος
1335 948 1545 997 οἰκονομῶ
1553 976 1564 994 ,
1593 941 1696 998 πρό-

302 1022 416 1054 τανις
445 1001 697 1058 πρυτανεύω.
756 1004 883 1057 Apud
914 999 1094 1041 Latinos
1131 1011 1281 1041 autem
1314 998 1587 1056 dignitatum
1619 1013 1697 1040 no·

303 1061 428 1102 mina
449 1061 659 1115 pleraque
681 1073 731 1099 ex
749 1057 895 1099 verbis
914 1057 982 1097 vel
1004 1055 1266 1098 nominibus
1284 1068 1548 1102 nascuntur,
1587 1067 1700 1112 quae

303 1116 480 1160 faciunt
509 1118 669 1163 verba,
713 1126 765 1156 ut
791 1115 946 1156 consul
976 1128 999 1154 a
1028 1113 1324 1162 consulendo,
1368 1113 1559 1155 dictator
1581 1126 1605 1152 a
1635 1109 1701 1152 di-

305 1174 488 1223 ctando,
521 1182 729 1228 quaestor
751 1186 774 1212 a
796 1181 997 1226 quaestu,
1031 1180 1075 1211 et
1093 1169 1248 1211 aedilis
1268 1172 1322 1212 ab
1343 1168 1549 1216 aedibus,
1580 1182 1710 1224 prae-1

305 1242 377 1272 tor
406 1244 429 1270 a
459 1229 736 1285 praeeundo,
778 1229 936 1269 ductor
965 1241 988 1268 a
1011 1227 1238 1275 ducendo,
1279 1226 1523 1283 imperator
1543 1227 1598 1267 ab
1619 1222 1700 1266 im-

304 1288 512 1345 perando.
574 1289 689 1340 Ergo
709 1299 783 1326 rex
804 1285 964 1332 solum,
988 1284 1107 1340 quod
1129 1296 1152 1324 a
1172 1285 1363 1340 regendo
1384 1282 1596 1328 nascitur,
1626 1294 1701 1346 pe·

304 1343 421 1400 perit
445 1358 497 1383 ex
519 1357 565 1384 se
595 1342 719 1384 aliud
740 1343 928 1382 verbum
949 1353 1101 1396 regno.
1162 1341 1197 1380 A
1217 1339 1368 1382 villico
1393 1339 1527 1381 etiam
1549 1337 1701 1378 villaco

306 1402 379 1440 vel
421 1398 603 1440 villicor
636 1397 843 1440 dicebant
879 1396 1066 1460 antiqui.
1127 1397 1235 1438 Cato
1266 1396 1316 1436 in
1357 1394 1560 1437 oratione
1589 1408 1703 1450 quae

306 1454 569 1497 inscribitur
599 1454 674 1497 Uti
707 1452 884 1494 basilica
907 1451 1194 1494 aedificetur:
1253 1455 1494 1506 Antequam
1524 1455 1560 1491 is
1581 1453 1699 1492 villi-

308 1528 407 1552 care
425 1516 570 1565 coepit.
629 1514 730 1554 Atta
751 1509 800 1550 in
819 1508 987 1550 Tirone
1006 1507 1342 1565 proficiscente:
1374 1512 1507 1549 Pater
1526 1511 1701 1548 villica-

244 1585 289 1620 79
314 1580 385 1610 tur
410 1582 532 1618 tuus,
565 1573 664 1620 jam
689 1577 822 1607 mater
847 1569 998 1606 villica
1027 1575 1099 1606 est.
1158 1569 1190 1608 A
1213 1567 1494 1614 metallorum
1525 1572 1704 1621 quoque

308 1624 569 1667 nominibus
609 1626 751 1667 solent
776 1621 895 1664 nasci
926 1623 1080 1671 verba,
1126 1632 1177 1665 ut
1205 1624 1258 1664 ab
1289 1635 1395 1663 auro
1425 1635 1532 1662 auro
1561 1634 1713 1668 auras.

310 1685 363 1725 ab
387 1697 485 1723 aere
516 1696 616 1722 aero
646 1695 788 1728 aeras,
831 1680 951 1720 unde
981 1680 1157 1721 auratus
1190 1690 1234 1720 et
1266 1689 1447 1721 aeratus.
1505 1677 1702 1726 Persius:

309 1743 368 1779 Et
390 1744 478 1778 veri
498 1742 672 1792 speciem
694 1739 933 1792 dignoscere
953 1739 1097 1785 calles,
1118 1753 1168 1777 ne
1186 1752 1271 1790 qua
1287 1735 1508 1784 subaerato
1533 1735 1702 1775 mendo-

309 1812 402 1836 sum
425 1800 590 1836 tinniat
617 1810 733 1835 auro.
792 1797 849 1834 Et
882 1807 906 1833 a
926 1792 1079 1834 multis
1107 1792 1206 1834 aliis
1237 1790 1496 1834 nominibus
1526 1788 1704 1832 inveni-

309 1867 408 1893 mus
440 1855 574 1893 verba
604 1849 816 1898 derivari,
860 1860 912 1889 ut
934 1864 956 1890 a
978 1850 1157 1891 cornice
1177 1848 1406 1896 cornicor,
1438 1859 1482 1888 et
1502 1861 1524 1887 a
1545 1847 1705 1888 frutice

310 1907 513 1951 fruticor.
573 1907 775 1951 Persius:
816 1909 969 1948 Nescio
1014 1907 1122 1961 quid
1147 1915 1283 1947 tecum
1311 1919 1444 1959 grave
1469 1907 1702 1944 corniearis

404 2076 476 2114 est,
502 2070 569 2104 sed
588 2070 712 2106 Coelii.
761 2071 859 2104 Nam
881 2069 1002 2104 ternis
1033 2069 1116 2103 istis
1148 2067 1242 2103 locis
1261 2067 1344 2101 Lib.
1364 2067 1428 2101 VI.
1453 2068 1486 2112 S.
1509 2067 1563 2111 36.
1588 2067 1622 2111 §-
1645 2071 1699 2105 82-

402 2118 486 2151 VII.
508 2118 541 2162 §.
565 2130 618 2152 21.
647 2117 762 2152 Coelii
780 2128 920 2150 nomen
949 2116 1112 2150 restitui.
1165 2114 1278 2160 Quod
1294 2112 1394 2146 Viris
1422 2112 1541 2147 doctis
1570 2113 1702 2158 proba-

402 2169 487 2197 tum
514 2162 564 2196 iri
590 2163 716 2197 nullus
754 2162 932 2208 equidem
960 2162 1103 2197 dubito.
1162 2163 1266 2195 Unus
1301 2170 1473 2194 meorum
1502 2159 1700 2202 Codicum,

402 2209 531 2252 Luth„
550 2209 677 2243 omisit
697 2220 782 2243 non.
806 2210 851 2242 In
868 2209 950 2243 MS.
970 2208 1070 2253 Lips.
1088 2221 1117 2243 1.
1140 2218 1254 2252 supra
1269 2205 1410 2250 scripta
1429 2211 1486 2240 est
1505 2204 1600 2240 haee
1617 2217 1701 2239 vox.

355 2265 393 2310 S.
415 2270 469 2311 78.
498 2268 593 2300 Sunt
613 2274 650 2300 et
669 2266 748 2299 alia
768 2265 892 2300 verba.
941 2266 1070 2308 Adjeci
1091 2276 1113 2300 e
1132 2265 1241 2300 MSS.
1261 2269 1311 2298 et.

357 2317 476 2362 ipsius
497 2317 694 2366 dignitatis
723 2315 944 2362 significent.
993 2317 1076 2350 MS.
1100 2317 1233 2349 Zwicc.
1258 2328 1290 2349 2.
1309 2311 1434 2348 omisit
1453 2307 1598 2358 ipct'ussts
1627 2314 1703 2349 Pro

402 2362 503 2407 vulg.
535 2363 753 2409 significant
782 2362 891 2395 MSS.
919 2361 1030 2395 Luth.
1063 2362 1196 2395 Zwicc.
1223 2373 1253 2395 1.
1276 2358 1376 2404 Lips.
1404 2371 1433 2392 ι.
1455 2370 1488 2394 2.
1509 2360 1588 2394 Erl.
1616 2361 1701 2395 suh-

401 2408 611 2450 junctivum
632 2407 822 2450 exhibent,
849 2419 963 2452 quem
981 2406 1123 2451 recepi.

356 2475 451 2512 quae
480 2464 705 2498 inscribitur.
755 2464 863 2498 MSS.
884 2464 984 2510 Lips.
1011 2477 1040 2499 1.
1063 2477 1093 2499 2.
1116 2463 1302 2498 scribitur.
1347 2462 1440 2497 Mox
1475 2463 1606 2497 Tirone
1633 2475 1704 2508 pro

409 2513 549 2555 ffjyrone
569 2510 793 2544 auctoritate
814 2510 930 2544 Codd.
959 2510 1104 2556 scripsi.
1154 2509 1283 2544 villica
1301 2514 1366 2542 est.
1414 2509 1475 2542 Ita
1490 2508 1585 2544 Edd.
1607 2509 1702 2545 Ven.

404 2558 512 2591 MSS.
547 2557 659 2591 Luth.
689 2556 827 2590 Dresd.
859 2556 991 2591 Zwicc.
1015 2569 1047 2592 2.
1078 2556 1182 2602 Lips.
1206 2568 1236 2589 1.
1267 2566 1300 2599 3.
1329 2554 1409 2588 Erl.
1433 2565 1463 2589 1.
1484 2566 1516 2590 2.
1566 2555 1703 2601 Vulgo,

404 2602 578 2637 villicatu
596 2609 664 2636 est.
712 2603 794 2638 MS.
815 2602 916 2648 Lips.
937 2615 968 2637 2.
990 2602 1173 2645 villicatu,
1190 2601 1327 2635 omisso
1347 2605 1416 2634 est.

334 2710 338 2713 .
361 2661 398 2707 S.
420 2673 475 2707 79.
500 2662 660 2694 Persius.
697 2661 773 2695 Sat.
793 2660 837 2695 V.
858 2672 910 2695 vs.
935 2661 1012 2695 106.
1072 2659 1179 2694 Idem
1199 2659 1360 2693 Persius.
1394 2657 1440 2698 V,
1463 2668 1517 2692 ια.

361 2716 558 2753 Juvenalis
576 2718 616 2750 in
625 2721 659 2756 11
661 2719 701 2752 V.
727 2718 804 2752 Sat.
821 2719 890 2760 IX,
914 2728 966 2762 15.
987 2716 1265 2763 philosopharis
1285 2714 1405 2758 adJeci
1423 2725 1445 2748 e
1467 2714 1574 2750 MSS.
1600 2690 1701 2750 item

407 2774 496 2797 mox
513 2773 673 2809 spumas.
705 2762 925 2808 ab—undo,
949 2761 1101 2798 inundo.
1131 2762 1242 2797 MSS.
1264 2761 1375 2795 Luth.
1388 2760 1520 2799 Zwico.
1534 2771 1567 2794 2.
1587 2760 1698 2807 omit-
