1748 3112
262 188 323 234 40
695 189 821 233 Lm.
853 190 886 231 1.
943 188 1080 233 GAP.
1111 191 1217 232 vn.

267 299 503 344 Terentius
523 299 572 343 in
593 301 817 358 Adelphis,
838 305 1159 355 „Dimnanuetur
1179 303 1258 342 tibi
1281 303 1509 347 cerebrms
1544 304 1644 346 11}st

268 368 466 402 mutatur
487 372 519 405 s,
543 356 718 414 sanguis
740 357 993 416 sanguinis3
1022 358 1071 399 in
1090 373 1123 407 r,
1153 359 1235 402 flos
1257 356 1394 407 floris,
1424 357 1497 401 ius
1512 356 1642 408 iuris.

271 428 426 458 cursus
454 412 700 456 curriculus
735 415 804 456 vel
837 414 1132 465 curriculum
1165 413 1213 457 in
1233 431 1274 462 x.
1305 412 1411 460 Aiax
1428 413 1647 482 profAias,

274 482 317 513 et
337 468 496 528 pistrix
520 485 598 542 pro
623 469 785 527 pistris,
815 471 862 512 in
887 486 976 529 quo
996 470 1228 528 sequimur
1248 476 1410 515 Dorcea
1438 469 1506 514 illi
1527 471 1651 515 enim

274 527 388 583 ὄρνιξ
407 541 488 582 pro
509 528 630 583 ὄρνις.
690 530 742 571 In
765 529 810 577 d,
839 539 988 570 custos
1015 527 1226 576 custodis,
1257 542 1335 585 pes
1356 526 1498 585 pedis,
1527 542 1651 585 pne·

281 598 347 625 ses
369 582 596 639 praesidis.
626 585 749 640 palus
766 583 964 641 paludis;
997 583 1045 627 in
1066 592 1096 631 t,
1130 599 1265 641 nepos
1286 581 1476 641 nepotis.
1507 584 1654 628 virtus

279 638 482 691 virtutis,
513 639 686 687 Samnis
706 640 940 689 Samnitiu
972 640 1019 682 in
1041 656 1071 682 u
1104 652 1447 689 consonantem,
1478 641 1556 684 bos
1576 643 1655 684 bo·

278 694 359 742 vis.
418 699 554 751 Saepe
575 711 656 753 pro
688 696 954 754 aspiratione
981 696 1167 754 ponitur
1193 697 1242 739 in
1271 695 1341 739 his
1362 695 1659 749 dictionibus,

279 767 384 808 quas
415 766 438 792 a
470 751 960 811 Graecissumpsimus,
1003 764 1054 795 ut
1071 752 1224 807 semis,
1261 768 1350 803 sex,
1379 763 1567 810 septem,
1594 767 1656 802 se,

278 808 328 855 δί,
360 809 437 849 sal.
498 810 608 851 Nam
627 813 764 865 Ῐημὶν,
792 812 872 864 1Έὲξ,
901 809 1042 862 fanto),
1069 815 1130 864 fe,
1161 815 1242 864 fot,
1270 810 1382 863 folle,
1411 811 1532 866 apud
1552 809 1656 852 illos

279 863 593 921 aspirationem
612 868 775 909 habent
792 867 839 910 in
859 865 1100 923 principio.
1138 869 1259 909 Adeo
1277 877 1424 909 autem
1446 863 1658 923 cognatio

280 931 347 964 est
366 919 475 962 huic
493 920 660 972 literae,
691 923 741 965 id
762 935 826 966 est
847 938 882 971 s,
908 938 1011 965 cum
1044 923 1324 979 aspiratione,
1357 924 1479 980 quod
1504 936 1586 980 pro
1607 935 1660 965 ea

280 976 329 1018 in
360 975 625 1032 quibusdam
659 979 932 1022 dictionibus
969 981 1168 1022 solebant
1196 983 1387 1022 Boeotos
1417 983 1447 1022 h
1476 992 1660 1036 ponere,

281 1035 415 1075 muha
437 1048 516 1088 pro
541 1050 664 1080 musa
686 1035 898 1080 dicentes.
942 1035 1061 1078 Huic
1082 1051 1101 1077 s
1123 1036 1413 1092 praeponitur
1430 1051 1475 1092 p,
1497 1046 1542 1076 et
1560 1036 1663 1076 loco

280 1101 317 1144 ψ
333 1104 514 1146 graecae
536 1091 759 1149 fungitur.
790 1107 868 1149 pro
891 1107 978 1147 qua
998 1092 1209 1135 Claudius
1235 1094 1392 1134 Caesar
1410 1089 1664 1148 antisigma,

284 1161 360 1192 oc.
392 1147 471 1188 hac
493 1146 627 1203 figura
655 1148 788 1191 scribi
816 1147 977 1190 voluit.
1038 1150 1124 1191 Sed
1150 1148 1263 1189 nulli
1298 1148 1389 1189 ausi
1418 1158 1522 1190 sunt
1548 1145 1662 1189 anti·

284 1216 417 1258 quam
457 1204 720 1260 scripturam
761 1215 952 1246 mutare:
1014 1204 1217 1261 quamvis
1249 1219 1341 1246 non
1369 1204 1468 1246 sine
1491 1202 1666 1245 ratione

283 1260 394 1299 haec
426 1272 604 1315 quoque
635 1262 795 1317 duplex
820 1276 843 1307 a
871 1261 1045 1304 Graecis
1084 1261 1233 1303 addita
1259 1259 1476 1306 videatur.
1548 1261 1664 1302 Nam

284 1315 430 1369 multo
460 1316 708 1359 molliorem
738 1328 781 1358 et
801 1317 1117 1359 volubiliorem
1144 1331 1305 1358 sonum
1326 1318 1459 1359 habet
1474 1328 1510 1371 ψ
1529 1330 1666 1373 quam

285 1385 337 1426 ps
359 1372 429 1412 vel
448 1373 510 1414 bs.
570 1374 664 1415 Hae
687 1385 849 1421 tamen,
886 1371 934 1414 id
965 1385 1030 1415 est
1047 1375 1108 1423 bs,
1141 1388 1233 1415 non
1251 1371 1354 1414 alias
1374 1374 1538 1415 debent
1554 1370 1667 1429 poni

286 1439 368 1483 pro
388 1438 437 1490 ψ,
467 1430 556 1470 hoc
576 1441 641 1471 est
663 1428 712 1471 in
735 1431 885 1471 eadem
904 1431 1064 1482 syllaba
1095 1433 1369 1482 conjunctae,
1398 1428 1487 1471 nisi
1506 1427 1558 1483 irg
1575 1427 1667 1470 fine

287 1483 586 1534 nominativi,
619 1489 739 1538 cujus
760 1485 983 1541 genitivus
1013 1486 1058 1526 in
1081 1485 1148 1528 bis
1181 1484 1368 1534 desinit,
1398 1496 1450 1526 ut
1469 1487 1570 1526 urbs
1588 1500 1670 1526 ur-

288 1537 373 1585 bis,
406 1541 577 1582 coelebs
609 1542 808 1589 coelibis,
839 1543 970 1583 Arabs
1000 1541 1164 1585 Arabis.
1226 1540 1352 1583 Sicut
1382 1556 1483 1598 ergo
1511 1554 1547 1595 ψ
1568 1556 1670 1583 me-

289 1593 376 1636 lius
404 1608 556 1646 sonat,
585 1596 651 1640 sic
680 1613 707 1640 x
740 1597 874 1640 etiam
906 1612 1038 1653 quam
1067 1613 1116 1655 gs
1141 1599 1211 1639 vel
1244 1611 1303 1638 cs.
1362 1600 1420 1639 Et
1438 1612 1465 1638 x
1484 1596 1668 1654 quidem

290 1652 631 1708 assumpsimus,
677 1667 714 1710 ψ
740 1665 889 1696 autem
915 1668 1027 1696 non:
1072 1656 1150 1696 sed
1178 1665 1395 1712 quantum
1424 1652 1671 1711 expeditior

207 695 253 731 42

343 1817 534 1850 Terentius
553 1818 593 1851 in
609 1816 801 1862 Adelphis.
828 1817 905 1852 Act.
916 1817 979 1852 IV.
998 1818 1053 1853 Sc.
1072 1830 1103 1852 2.
1124 1830 1174 1852 vs.
1193 1820 1249 1852 52.
1297 1818 1423 1852 Parum
1439 1823 1598 1861 accurate
1613 1816 1671 1850 hi·

381 1861 479 1896 locus
500 1862 656 1896 redditus
673 1870 734 1896 est.
783 1863 979 1897 Priscianus
998 1871 1114 1897 autem
1132 1874 1382 1908 saepenumero
1397 1874 1510 1909 neque
1531 1864 1671 1896 sensum

382 1908 560 1951 proprium
579 1908 661 1947 loci,
686 1909 868 1954 multoque
887 1907 1002 1942 minus
1021 1916 1169 1943 metrum
1187 1915 1293 1942 curat.

337 1959 360 1998 ὅ
369 1975 391 2007 ρ
402 1975 422 1997 ν
434 1976 449 1996 ι
459 1962 480 2005 ξ
495 1976 567 2043 ¹pro
591 1961 693 2019 iioyt
702 1976 728 2001 ς.
763 1964 887 2017 Plures
907 1964 1017 2018 Codd.
1027 1991 1038 2007 ,
1062 1967 1157 1999 inter
1173 1977 1266 2018 ⁴quos
1283 1963 1571 2017 praestantissimi
1582 1963 1674 1998 Hei-

379 2009 1269 2100 3331543‘2251523²12t2233323533¹3120¹22323¹555
1286 2017 1454 2044 ΜΨ·
1479 2009 1597 2043 Ρ““”“’
1615 2015 1673 2042 ‘²‘

333 2111 366 2157 §.
385 2112 440 2147 42.
463 2116 589 2156 Ῑημὶν,
606 2111 685 2155 Ρέξ,
702 2111 834 2157 fenti.
851 2113 908 2153 fs,
923 2117 997 2156 foa,
1011 2109 1111 2155 faiis.
1139 2113 1318 2158 Digamma
1334 2111 1515 2150 Aeolicum
1528 2111 1675 2157 singulis

381 2157 435 2192 his
458 2159 598 2193 vocibus
618 2158 867 2192 nonnullorum
894 2158 1006 2192 codd.
1023 2159 1227 2193 auctoritate
1247 2158 1400 2204 praefixi.

322 2215 501 2251 Basore-x.
549 2216 647 2248 Hanc
663 2215 849 2248 lectionem
876 2227 942 2260 pro
960 2215 1097 2260 vulgato
1117 2217 1247 2250 Boeoti
1265 2222 1441 2260 praestant
1460 2214 1563 2250 MSS.
1583 2213 1675 2247 Hei-

381 2260 474 2294 delb.
498 2260 676 2305 (Boeotis)
699 2260 823 2293 Dresd.
845 2261 972 2294 Zwicc.
997 2271 1027 2296 1.
1049 2272 1081 2294 τι.
1099 2261 1206 2295 Luth.
1222 2262 1294 2295 Erl.
1318 2273 1347 2293 ι.
1366 2271 1398 2293 2.
1419 2259 1517 2303 Lips.
1540 2271 1569 2294 ι.
1587 2270 1620 2292 2.
1638 2259 1674 2294 5.

379 2304 470 2338 Edd.
491 2306 574 2339 Ven.
601 2317 628 2339 1.
646 2317 679 2340 2.
698 2307 839 2339 Baetes.
876 2305 982 2349 Quod
1001 2305 1038 2339 iu
1057 2306 1154 2339 libris
1169 2306 1343 2349 impressis
1358 2305 1591 2350 subsequitur,
1607 2315 1676 2349 pro

376 2361 415 2391 s,
435 2349 518 2384 ferri
536 2350 634 2385 nullo
651 2351 755 2384 modo
774 2358 904 2396 potest,
928 2362 1007 2384 cum
1021 2353 1247 2385 antecesserit
1259 2362 1330 2396 pro
1350 2362 1407 2383 ea.
1430 2350 1584 2395 Apparet
1602 2350 1676 2395 im-

381 2403 553 2440 portunus
570 2395 751 2440 glossator.
800 2396 872 2431 Mei
900 2395 1004 2429 etiam
1024 2395 1136 2429 codd.
1164 2396 1321 2441 plerique
1338 2396 1406 2428 hoc
1420 2395 1591 2440 glossema
1603 2406 1677 2429 non

382 2441 551 2476 referunt.
577 2441 610 2475 h>
614 2453 763 2486 ponere.
789 2441 918 2486 Vulgo,
941 2440 1109 2475 scribere.
1157 2441 1347 2486 Receptam
1364 2440 1552 2475 lectionem
1568 2446 1677 2473 tuen-

380 2493 440 2520 tur
459 2486 561 2520 MSS.
580 2486 687 2520 Luth.
708 2485 870 2520 Heidelb.
891 2486 990 2527 Lips.
1014 2498 1043 2520 ι.
1063 2498 1094 2519 2.
1115 2486 1146 2520 3.
1170 2487 1243 2520 Erl.
1271 2498 1297 2520 1.
1318 2495 1352 2520 2.

337 2544 422 2580 huic
478 2543 700 2588 raeponitur.
759 2543 841 2576 Post
868 2543 953 2576 huic
978 2543 1128 2588 positam
1154 2543 1288 2577 literam
1312 2556 1330 2576 s
1358 2541 1481 2586 capitis
1506 2540 1675 2582 damnavi,

383 2589 436 2623 Co
463 2588 620 2630 &Luth.
642 2588 804 2622 Heidelb.
826 2588 951 2622 Zwicc.
974 2600 1006 2622 τι.
1034 2588 1123 2621 hanc
1149 2589 1355 2622 sententiam
1382 2587 1586 2620 serentibus.
1633 2584 1676 2619 In

381 2634 458 2670 MS.
475 2634 638 2668 Heidelb.
666 2633 935 2677 suprascriptum
963 2641 1017 2668 est
1035 2633 1076 2669 ab
1096 2633 1367 2679 interpolatore,
1393 2634 1567 2680 (agnoscas
1583 2630 1676 2666 huno

385 2691 406 2714 ο
427 2679 800 2723 literarum-ductibus)
826 2679 852 2714 i.
869 2690 897 2713 s.
