1748 3112
313 275 394 318 452
738 274 863 318 L1B.
893 275 975 317 lx.
1035 274 1178 316 CAP.
1208 274 1288 315 v1.

316 393 473 430 cavisti
502 398 642 429 ta'meti
682 391 918 441 aerumpnis
947 387 1106 427 obruta.
1168 384 1326 428 Cicero
1360 384 1707 429 Rhetoricorum

314 449 369 489 ΙΙ.
406 447 528 497 Quod
552 450 597 484 ιῖιι
619 449 770 484 itinere
790 454 880 484 tam
891 445 1182 499 familiariter
1200 459 1241 483 se
1261 446 1554 496 applicaverit.
1599 444 1708 485 Var-

249 516 294 550 53
320 517 368 544 ro
392 503 445 543 de
466 499 609 557 poetis
632 500 761 544 lib.1.
794 502 957 541 Deinde
978 502 1038 541 acl
1059 502 1224 539 Siculos
1243 517 1285 539 se
1307 502 1556 553 applicavit.
1616 500 1707 541 Cu-

315 561 374 601 bo
403 571 583 621 quoque
611 556 745 598 cubui
774 557 904 606 facit,
951 573 974 598 a
1002 571 1091 611 quo
1122 555 1370 620 composita
1414 566 1504 598 tam
1533 553 1707 612 primae

316 630 450 671 quam
475 612 631 655 tertiae
648 613 979 677 conjugationis
1000 612 1310 660 inveniuntur,
1345 613 1540 654 eundem
1557 622 1705 653 tamen

314 674 483 713 habent
513 670 784 735 perfectum,
817 669 984 712 incubo
1018 669 1204 711 incubas
1225 669 1436 717 incubui.
1468 679 1514 711 et
1538 669 1706 721 adjecta

314 743 361 770 m
383 727 597 769 incumbo
619 726 846 769 incumbis
875 726 1080 768 incubui.
1140 728 1264 768 Nexo
1286 739 1468 782 quoque
1487 739 1618 767 nexas
1636 725 1705 766 vel

313 783 465 831 nexis,
497 794 549 825 ut
579 785 723 826 Probo
750 784 914 839 placet,
947 781 1099 824 nexui.
1163 781 1372 850 Virgilius
1406 792 1556 827 tamen
1587 779 1636 822 in
1657 785 1706 824 V.
1741 798 1748 814 ε

314 839 562 884 Aeneidos.
593 843 829 880 Nexantem
861 841 985 879 nodis
1013 855 1132 893 seque
1162 843 1208 878 ιἰι
1239 855 1318 879 sua
1338 840 1520 879 membra
1532 840 1706 902 plican-

315 909 420 945 tem,
465 898 711 960 secuqdum
740 897 929 952 primam
966 894 1155 952 protulit
1187 895 1563 950 conjugationem.
1634 892 1710 936 Εἴ

314 953 416 994 vius
445 967 553 994 vero
588 952 636 993 in
674 954 871 995 Odissia:
921 953 1140 994 Aea-ebant
1167 954 1305 992 nialla
1343 956 1452 992 inter
1483 967 1567 991 sese
1583 953 1708 1001 flexu

313 1011 516 1050 nodorum
538 1011 676 1050 dubio.
738 1009 885 1051 Attius
911 1008 959 1051 in
984 1008 1250 1076 Deiphobo:
1279 1011 1366 1048 Nos
1386 1012 1585 1048 continuo
1606 1009 1705 1061 ser-

315 1082 411 1107 rum
429 1070 655 1120 eripimus
689 1068 878 1107 omnibu-5·
909 1070 1106 1106 manicas
1135 1070 1336 1106 neumae.
1396 1067 1539 1106 Necto
1559 1075 1708 1105 tamen

312 1126 407 1175 ejus
440 1134 505 1164 est
538 1121 835 1175 primitivum.
896 1126 1010 1165 Nam
1038 1123 1267 1177 quomodo
1299 1136 1321 1162 a
1353 1119 1590 1178 participio
1618 1134 1707 1162 am-

311 1181 507 1235 plexu8‚¹
525 1181 646 1243 quod
669 1193 721 1219 ex
752 1181 888 1220 verbo
919 1178 1119 1220 nascitur
1153 1179 1419 1234 amplector,
1450 1176 1500 1219 fit
1520 1178 1707 1219 verbum

310 1234 695 1292 frequentativum
730 1237 958 1300 amplexor
995 1235 1280 1291 amplexaris,
1326 1235 1391 1278 sic
1415 1249 1440 1277 a
1468 1231 1707 1298 participio

310 1306 461 1342 nexus,
490 1293 611 1347 quod
641 1291 838 1334 nascitur
859 1308 883 1333 a
905 1293 1043 1333 verbo
1067 1303 1212 1340 necte,
1245 1290 1298 1333 fit
1321 1288 1702 1356 frequentativum

311 1363 426 1392 nexo
449 1363 594 1392 nexas.
656 1350 787 1390 Unde
817 1349 1107 1391 manifestum
1137 1358 1227 1399 est,
1257 1349 1377 1404 quod
1397 1345 1708 1389 rationabiliu-

309 1406 396 1446 hoc
416 1406 661 1447 secundum
682 1404 873 1469 primam
895 1403 1262 1469 conjugationem
1284 1403 1472 1460 protulit
1482 1402 1706 1469 Virgilius.

308 1461 346 1502 A
385 1472 517 1502 necto
561 1471 709 1502 tamen
746 1460 957 1502 similiter
1002 1459 1141 1501 nexui
1174 1463 1461 1517 protulerunt
1481 1458 1702 1516 plerique;

311 1515 498 1581 quidam
529 1526 678 1558 tamen
709 1517 842 1559 etiam
872 1516 987 1564 nexi,
1020 1515 1219 1558 dicentes
1252 1528 1295 1559 et
1317 1532 1469 1567 nexuS,
1499 1526 1549 1558 ut
1569 1517 1702 1558 flecto

310 1571 418 1613 flexi
441 1584 485 1615 et
505 1575 653 1616 flexus.
713 1573 924 1630 Virgilius
948 1584 1097 1614 tamen
1128 1573 1176 1614 in
1199 1577 1245 1615 V.
1269 1573 1515 1615 Aeneidos.
1545 1575 1604 1613 Et
1617 1589 1702 1626 pa·-

311 1629 429 1668 ribus
451 1633 623 1682 palma-5·
659 1631 877 1670 amborum
909 1633 1102 1670 innexuit
1131 1634 1274 1670 armis.
1344 1628 1544 1672 Lucilius
1575 1627 1624 1669 in
1652 1631 1698 1671 V.
1746 1659 1748 1662 -

309 1688 401 1725 Hic
436 1687 551 1726 solus
581 1691 803 1740 vigilavit,
836 1690 995 1740 opinor,
1027 1697 1065 1726 et
1095 1702 1191 1726 clim
1212 1689 1262 1726 id
1288 1688 1396 1726 mila·
1413 1690 1532 1727 nisus
1550 1686 1704 1740 facere

242 1762 308 1796 34
311 1751 396 1790 est,
426 1751 517 1783 tum
546 1748 656 1783 retia
681 1748 807 1784 nexit.
866 1741 1142 1798 Supradictis
1171 1744 1344 1785 addunt
1375 1741 1559 1798 quidam
1588 1755 1701 1784 neco

309 1797 468 1840 necavi
491 1800 560 1840 vel
583 1799 729 1847 necui,
762 1799 881 1841 sicut
900 1811 943 1841 et
962 1800 1133 1840 Probus
1153 1810 1198 1840 et
1220 1798 1446 1842 Charisius
1467 1807 1511 1840 e't
1521 1797 1700 1841 Diome·

309 1855 401 1897 des.
445 1856 643 1920 Ideoque
670 1854 955 1921 participium
980 1854 1211 1911 praeteriti
1228 1855 1453 1922 passivum
1474 1865 1653 1897 necatus
1676 1868 1700 1895 a

307 1910 482 1960 necavi,
516 1924 561 1957 et
577 1923 735 1954 nectus
755 1928 778 1954 a
804 1912 936 1954 necui
957 1912 1078 1954 facit.
1139 1912 1383 1954 Horatius'
1369 1926 1417 1953 m
1437 1914 1471 1952 1.
1487 1910 1699 1967 Epistola-

309 2009 591 2028 ..ὴ-...-

352 2072 480 2106 Cicero
501 2074 612 2113 Rhe!
632 2078 687 2111 ΙΙ,
718 2074 765 2109 de
785 2076 865 2109 Inv.
885 2076 983 2110 rhet.
1005 2075 1088 2110 Lib.
1112 2077 1163 2109 II.
1189 2086 1240 2119 13.
1290 2074 1423 2108 Plures
1453 2072 1571 2108 Codd.
1590 2073 1700 2107 omit-

346 2126 354 2135 ²
397 2123 483 2151 tunt
502 2119 543 2152 in
561 2126 648 2154 ante
669 2122 812 2162 iuuere,
837 2133 933 2156 unus
953 2129 1041 2155 tam.
1090 2123 1183 2155 Mox
1201 2121 1240 2154 in
1259 2120 1343 2154 loco
1363 2119 1596 2154 Varroniano
1615 2120 1697 2154 MS.

397 2163 498 2209 Lips.
521 2177 551 2199 2.
574 2166 755 2211 applicuit
772 2179 842 2211 pro
861 2168 1078 2214 applicavit.

351 2208 387 2253 §-
405 2221 462 2254 33·
493 2212 672 2258 Virgilius
699 2213 738 2245 in
761 2215 803 2248 V.
824 2215 1020 2249 Aeneidos.
1067 2213 1199 2256 Adjeci
1230 2222 1283 2247 ei
1271 2213 1352 2247 MS
1375 2212 1476 2257 Lips.
1500 2223 1532 2246 2.
1559 2210 1698 2247 Aenei-

398 2256 475 2289 dos.
510 2257 648 2291 Versus
666 2265 722 2292 est
741 2270 819 2304 279.

279 2304 281 2308 '
335 2300 482 2353 *Livius
510 2303 552 2334 in
582 2305 739 2339 odissia.
788 2304 987 2339 Editiones
1009 2305 1123 2339 etiam
1144 2306 1312 2339 Venetae
1338 2304 1413 2338 hoc
1440 2304 1527 2338 loco
1549 2304 1697 2339 Odissia

338 2349 341 2353 ⁴
394 2345 576 2380 scribunt.
626 2349 698 2382 Pro
728 2350 914 2383 nexebant
938 2351 1112 2403 quinque
1143 2362 1318 2385 meorum
1344 2348 1461 2386 Codd.
1492 2348 1694 2385 tte-tabant.

397 2391 502 2427 Unus
524 2392 666 2427 omittit
686 2406 771 2428 vero
790 2402 878 2439 post
895 2397 1038 2431 Livius.

345 2448 477 2483 Attius
498 2450 538 2482 in
557 2450 759 2495 Deiphobo.
808 2453 917 2487 MSS.
941 2454 1079 2488 Accius
1096 2454 1155 2487 vel
1178 2454 1322 2488 Actius.

344 2494 432 2527 nexi
463 2495 635 2529 dicentes.
686 2497 837 2531 Addunt
861 2499 951 2533 libri
981 2498 1074 2532 editi
1102 2506 1188 2546 post
1207 2500 1304 2544 nexi,
1342 2506 1452 2534 necto
1474 2499 1572 2540 nexi,
1592 2498 1693 2544 quod

390 2540 618 2576 auctoritate
646 2543 728 2576 MS.
750 2543 829 2577 Erl.
856 2556 885 2579 1.
908 2545 1030 2579 omisi.

349 2585 563 2631 Virgilius
548 2599 588 2619 tn
613 2589 655 2623 V.
675 2590 770 2623 Aen.
797 2601 849 2624 vs.
871 2601 951 2635 425.
1001 2592 1171 2646 Heynius
1200 2591 1316 2626 edidit
1335 2590 1506 2625 intexuit.

341 2630 553 2711 Ludiiiff}
572 2633 676 2667 Unus
704 2645 880 2670 meorum
908 2637 1024 2671 Codd.
1046 2639 1187 2672 omittit
1213 2645 1290 2673 tum
1321 2643 1360 2672 et
1379 2637 1467 2670 nexi
1491 2648 1562 2681 pro
1585 2636 1690 2679 wit

388 2687 435 2709 ex
504 2688 525 2711 e
616 2703 618 2706 .

341 2721 376 2768 §-
398 2733 454 2766 34.
480 2725 659 2759 Horatius
680 2726 721 2759 in
738 2729 772 2759 1.
796 2728 916 2772 Epzst.
941 2741 976 2775 7.
1003 2741 1056 2764 vs.
1076 2735 1133 2776 87.
1184 2731 1315 2764 Livius
1347 2728 1394 2763 ab
1423 2727 1508 2798 ιιιῠσ1
1528 2725 1689 2769 condita.
1739 2745 1742 2746 ⁷

387 2779 441 2802 21.
469 2769 634 2815 Cap.41.
686 2771 759 2806 Cic.
785 2775 889 2809 Tusc.
915 2778 948 2809 I.
977 2776 1063 2820 Cap
1086 2787 1118 2820 5.
1582 2808 1587 2813 ὲ
1741 2778 1744 2783 ’
