1748 3112
293 243 377 286 600
685 245 968 289 L·IB.‘X1v.
1029 243 1288 287 cunm.

228 379 272 415 57
297 354 540 422 accipitur;
586 359 725 400 verbo
757 356 879 400 enim
911 370 1116 423 semper
1127 356 1399 428 adjungitur.
1473 361 1539 402 Ex
1569 356 1688 401 inter

293 413 624 479 praepositione
653 413 879 456 derivatur
908 413 1098 462 interea.
1129 413 1175 458 τὸ
1196 416 1384 470 ἐνίχνιον
1439 417 1558 457 Intra
1579 429 1685 472 quo-

295 484 382 528 que
407 468 591 513 videtur
618 472 671 512 ab
701 470 751 512 in
773 470 1047 520 derivatum,
1079 472 1204 513 velut
1226 473 1278 511 ab
1305 486 1355 512 ex
1377 482 1523 521 extra,
1555 486 1579 514 a
1602 473 1684 514 sub

292 528 460 582 subter,
471 525 536 569 sic
558 527 635 570 ab
619 541 669 569 ιιι
688 526 804 569 inter
824 538 869 570 et
888 527 1025 570 intra·
1057 538 1101 570 et
1121 526 1342 592 significat
1361 527 1406 572 τὸ
1427 528 1552 582 ἐντὸς,
1565 529 1688 586 quod

295 595 364 626 est
383 584 644 627 adverbium
677 586 796 641 apud
822 587 1021 628 Graecos.
1081 588 1288 627 Lucanus
1318 599 1368 626 ιιι
1391 588 1438 629 V.
1467 588 1593 628 Intra
1609 599 1688 626 oo-
1741 589 1748 635 ξ

294 651 479 681 stt-orum
511 645 656 682 timuit
690 646 874 682 tentoria
904 643 1063 682 ductor.
1125 641 1246 683 Huic
1265 640 1539 685 eontrarium
1557 653 1624 685 eat
1643 642 1689 688 τό
1746 644 1748 660 ³

294 697 421 751 ἐκτὸς,
451 697 497 738 id
518 709 584 740 est
605 709 738 740 extra.
793 699 1042 764 Quomodo
1073 709 1222 740 autem
1243 696 1360 740 inter
1374 707 1419 741 et
1438 697 1553 742 intra
1577 698 1689 741 deri·

295 765 460 796 vantur
481 754 566 796 ab
553 770 628 807 m,
659 754 724 797 sic
746 755 878 797 etiam
910 755 1032 796 intus
1057 767 1101 797 et
1125 754 1268 808 intr‚o
1300 770 1413 811 quac
1431 754 1531 799 eine
1548 755 1690 798 dubio
1746 771 1748 786 ²

296 810 506 852 adverbia
526 823 629 853 sunt
648 811 784 854 etiam
805 813 923 868 apud
941 825 1036 853 nos.
1072 813 1182 854 Sed
1205 810 1327 854 intus
1345 823 1389 854 et
1406 812 1526 856 intro
1544 827 1691 855 casua-

294 866 414 909 libus
442 882 680 933 nunquam
713 880 1075 925 praeponuntur,
1106 867 1222 910 inter
1249 882 1355 910 vero
1386 880 1433 912 et
1462 869 1578 912 intra
1609 871 1690 912 fre-

294 923 603 980 quentissime,
621 923 739 968 sicut
762 936 893 978 extra,
915 927 1090 968 casibus
1108 936 1456 992 praeponuntur,
1484 924 1595 968 fori·
1615 941 1691 969 au·

293 991 386 1022 tem
406 982 475 1023 ve]
493 982 608 1024 foras
631 982 831 1026 minime.
874 984 935 1025 Ab
958 982 1076 1023 intra
1097 979 1322 1023 derivatur
1339 981 1624 1032 intrinsecus,
1644 994 1689 1025 et

293 1036 514 1087 internus,
561 1039 678 1081 sicut
708 1041 760 1081 ab
796 1050 914 1080 extra
948 1038 1222 1081 extrinsecus
1254 1049 1298 1080 et
1326 1050 1532 1081 externus
1553 1050 1597 1082 et
1620 1053 1691 1082 ex·

293 1104 485 1138 tranem.
544 1098 739 1138 Verbum
774 1095 907 1138 etiam
942 1098 993 1137 ab
1028 1095 1168 1146 intra,
1211 1096 1332 1138 intro
1365 1095 1514 1138 intras.
1575 1097 1692 1139 Infra

295 1150 428 1192 etiam
440 1153 492 1193 ab
516 1151 664 1194 inesse
683 1164 836 1195 natum
856 1164 981 1209 puto,
996 1164 1040 1194 et
1051 1153 1273 1210 signlficat
1290 1153 1335 1197 τὰ
1351 1154 1474 1207 κάτω,
1490 1155 1609 1210 quod
1626 1163 1693 1195 est

293 1208 412 1263 apud
441 1210 632 1251 Graecos
667 1208 943 1252 adverbium.
1003 1211 1051 1251 ld
1079 1224 1258 1275 quoque
1286 1220 1468 1275 propter
1493 1208 1692 1275 supradi-

293 1276 384 1305 ctas
405 1279 558 1308 causas
578 1265 698 1308 inter
717 1265 1072 1323 praepositiones
1092 1266 1305 1331 recipitur
1329 1281 1352 1306 a
1371 1265 1558 1311 Latinis.
1591 1269 1624 1310 F
1627 1282 1690 1309 re

294 1321 587 1377 quentissime
630 1323 752 1365 enim
789 1324 1078 1380 praeponitur
1119 1323 1369 1366 casualibus
1398 1334 1443 1365 et
1477 1335 1693 1380 gravatur.

293 1378 568 1420 Terentius
554 1395 603 1420 m
621 1384 868 1423 Eunucho.
908 1383 1001 1434 Ego
1023 1391 1063 1420 te
1089 1395 1175 1420 esse
1205 1382 1328 1435 infra
1359 1396 1495 1421 omnes
1525 1382 1690 1432 irfimoe

224 1448 269 1490 38
287 1445 406 1489 puto.
463 1438 530 1478 Ex
552 1439 640 1479 hoc
668 1437 898 1478 derivatur
921 1435 1114 1484 inferus,
1147 1436 1288 1478 veluti
1321 1451 1344 1477 a
1351 1450 1520 1501 nuper
1550 1451 1692 1494 nupe-

293 1506 383 1540 rus,
416 1494 536 1548 quod
555 1495 775 1558 approbat
796 1495 958 1548 Caper.
991 1494 1062 1534 vel
1087 1492 1215 1542 infer,
1247 1504 1300 1534 ut
1321 1492 1444 1540 citer,
1480 1504 1613 1542 exter,
1648 1505 1693 1536 et

292 1546 499 1590 infernus
523 1560 569 1591 et
586 1549 777 1591 inferior
799 1549 995 1595 infimus.
1052 1553 1110 1592 Et
1130 1549 1382 1599 sciendum,
1402 1551 1530 1616 quod
1541 1549 1692 1592 omnia

293 1604 501 1647 adverbia
532 1608 762 1654 locorum,
790 1622 907 1672 quae
937 1608 1082 1647 solent
1117 1606 1293 1648 casibus
1315 1605 1555 1662 praeponi,
1588 1605 1691 1649 ideo

291 1660 433 1702 nostri
458 1662 576 1704 inter
597 1663 954 1727 praepositiones
978 1678 1158 1720 quoque
1188 1674 1557 1728 numeraverunt,
1588 1662 1691 1720 quia

293 1716 555 1773 saepissime
598 1731 903 1762 luvenluntul·
955 1718 1265 1771 hujuscemodi
1318 1718 1528 1762 adverbia
1586 1722 1689 1763 loco

291 1775 681 1840 praepositionum
703 1787 905 1842 accepta,
937 1779 1010 1818 vel
1030 1778 1131 1818 loco
1160 1791 1316 1818 eorum
1339 1774 1692 1832 praepositiones

290 1830 483 1893 positae.
514 1844 568 1874 ut
597 1832 717 1874 intra
739 1833 925 1882 viscera,
957 1847 1037 1890 pro
1058 1832 1106 1874 in
1137 1833 1321 1881 viscera,
1355 1844 1400 1874 et
1419 1837 1582 1888 absque
1605 1835 1691 1875 lae·

292 1901 435 1938 smne,
464 1904 546 1946 pro
567 1900 685 1931 extra
708 1889 973 1938 laesionem,
1010 1901 1059 1931 et
1078 1890 1126 1930 in
1148 1891 1399 1931 adulterum
1421 1889 1588 1931 dicitur
1609 1903 1691 1945 pro

291 1955 446 1985 contra
470 1947 734 1994 adulterum,
767 1957 812 1988 et
833 1949 915 1989 sub
936 1958 1097 1988 terram
1110 1960 1198 2018 pro
1216 1945 1332 1987 infra
1354 1957 1526 1990 terram.
1586 1949 1690 1988 Jux-

291 2009 336 2040 ta
371 1999 521 2051 etiam,
552 2004 676 2059 quod
703 2001 927 2068 significat
954 2002 998 2046 τὸ
1029 2003 1161 2067 ἐγγὺς,
1191 2003 1313 2058 quod
1347 2003 1466 2058 apud
1498 2005 1691 2044 Graecos

293 2055 392 2098 sine
423 2056 564 2100 dubio
597 2058 860 2101 adverbium
891 2070 980 2108 est,
1014 2059 1118 2116 quia
1145 2061 1247 2100 loco
1276 2073 1440 2115 prope,
1472 2058 1568 2100 sive
1589 2072 1691 2115 pro·

290 2123 402 2184 pter,
417 2117 540 2171 quod
561 2127 627 2157 est
648 2114 771 2172 παρὰ,
795 2114 1016 2171 fungitur,
1041 2118 1129 2170 (est
1147 2126 1297 2156 autem
1317 2114 1592 2179 praepositio
1615 2133 1690 2158 wot-

286 2168 346 2223 ρὰ
357 2172 570 2234 'Graecaq
590 2183 634 2214 et
659 2173 766 2230 quia
787 2186 940 2214 casum
961 2172 1181 2229 sequitur,
1209 2171 1348 2213 nostri
1371 2170 1489 2213 inter
1508 2185 1692 2228 praepo-

291 2224 477 2270 sitiones
508 2241 782 2285 posuerunt;
814 2230 994 2286 quando
1031 2244 1135 2271 vero
1167 2230 1305 2270 verbo
1335 2243 1415 2284 per
1430 2243 1495 2270 se
1491 2232 1691 2281 conjun-

335 2382 370 2431 §-
383 2394 450 2463 837.
475 2382 653 2465 Lucantge
673 2386 712 2418 in
734 2388 776 2421 V
801 2397 855 2419 vs.
878 2396 955 2429 241.
1012 2362 1205 2420 Terentius
1230 2387 1269 2419 in
1288 2363 1477 2420 Eanueho.
1508 2384 1589 2416 Act.
1612 2382 1683 2418 111.

409 2441 430 2463 c
464 2442 483 2465 2
517 2443 558 2464 vs
593 2443 614 2476 5
642 2457 650 2465 .
1669 2457 1673 2462 .

337 2495 372 2538 §-
395 2499 450 2538 38·
480 2507 776 2535 numeraverunt.
824 2500 961 2545 Vulgo,
987 2511 1182 2534 enumerat
1160 2500 1303 2528 „Urunt

339 2546 526 2584 Salustius
545 2553 585 2584 in
605 2551 757 2585 Catilin.
785 2553 874 2596 Cap
894 2553 945 2586 11.
967 2553 1000 2596 5.
1021 2557 1053 2591 8.
1104 2553 1177 2586 Pro
1203 2552 1353 2598 vulgato
1374 2553 1471 2588 enim
1490 2554 1641 2589 restitui
1662 2567 1685 2590 e

384 2595 503 2631 Codd.
525 2597 654 2632 MSSis
675 2609 750 2643 ego
1171 2623 1173 2626 Α

340 2654 374 2700 5
395 2665 452 2699 39.
489 2655 675 2696 duntaxat
709 2654 853 2689 omittit
880 2655 972 2690 Cod.
999 2655 1109 2701 Lips.·
1120 2663 1154 2701 3.
1203 2656 1296 2690 Mox
1325 2668 1478 2701 quarum
1504 2669 1573 2703 pro
1602 2658 1684 2692 vul-

386 2705 474 2744 gato
494 2711 662 2746 quorum,
690 2700 791 2746 quod
811 2701 1008 2737 Putschius
1029 2713 1116 2737 cum
1136 2701 1294 2737 caeteris
1313 2701 1453 2746 edidit,
1479 2703 1687 2772 secundum

389 2745 548 2781 Codices
569 2757 677 2782 meos
695 2748 861 2793 reposui.
