1748 3112
260 240 340 297 392
575 242 704 284 LIB.
737 243 874 284 vlu.
932 242 1075 286 >CAR
1107 243 1361 286 VI11.1x.

263 355 512 412 perfectum
529 353 671 410 optati
679 354 722 396 vi
747 360 983 409 conjuncta
995 367 1147 398 eumz,
1162 354 1282 398 licet⁴
1294 355 1506 407 enii'nuefl
1519 359 1666 401 multo

226 463 233 470 f
267 420 371 454 aute
394 413 458 452 vel
479 412 613 467 paulo
649 427 742 453 esse
768 413 963 469 perfecta
992 414 1102 454 haec
1129 413 1281 454 eadem
1313 411 1559 472 indligere
1585 429 1668 457 noo

270 479 448 533 optare,
484 480 558 514 ut,
600 467 638 509 si
660 467 833 520 dicam,
865 468 1056 511 ,utinam
1088 469 1296 526 legissem
1326 480 1431 512 ante
1450 470 1669 527 quinqua·

272 536 395 582 ginta
421 539 561 565 annos
579 555 590 572 ‚
633 535 677 568 et
706 527 877 568 utinam
898 525 1101 581 legissem
1133 537 1235 567 ante
1263 529 1432 568 horam.
1474 529 1567 570 Nec
1587 526 1670 570 mi-

273 597 376 624 rum
398 580 462 622 sic
486 580 664 622 infinite
687 581 735 623 in
757 586 843 625 boc
854 583 991 624 modo
1011 581 1206 639 intelligi
1227 583 1526 637 praeteritum,
1552 585 1674 642 quod
1739 615 1741 618 s

276 650 493 695 quantum
526 638 580 679 ad
601 654 752 680 veram
775 639 1129 681 intelle-ctionem
1163 641 1339 681 nullum
1377 651 1550 683 certum
1591 653 1675 683 nec

275 695 540 749 incoeptum
562 710 646 743 nec
666 694 799 738 finem
821 695 994 737 habuit.
1053 696 1403 748 Subiunctivue,
1436 697 1678 755 cum.apud

278 754 471 794 Graecos
500 756 740 804 conjuncta
771 755 903 794 habet
934 763 1155 818 tempora,
1187 754 1306 808 apud
1329 768 1411 794 nos
1436 753 1581 795 divin
1602 756 1678 795 has

275 810 354 850 bet
383 806 552 856 omnia,
595 811 824 865 quomodo
855 808 1145 852 indicativus.
1208 813 1276 852 De
1305 814 1431 861 cujus
1450 820 1677 858 contextu,

279 879 382 906 cum
411 866 465 907 de
488 866 824 907 constructione
847 865 1062 907 orationis
1085 865 1396 918 tractabimus,
1437 866 1570 908 latius
1593 865 1680 908 di·-

277 935 487 964 seremus.
554 922 766 965 Infinitus
816 924 978 963 modus
1030 936 1211 979 quoque
1259 928 1498 976 conjuncta
1545 925 1681 965 habet

281 989 501 1034 tempora,
538 981 769 1034 quomodo
801 978 1053 1034 optativus,
1086 994 1293 1035 praesens
1323 990 1367 1021 et
1394 979 1682 1036 praeteritum

280 1033 619 1090 imperfectum,
659 1037 947 1091 praeteritum
978 1036 1224 1091 perfectum
1257 1047 1300 1076 et
1319 1037 1417 1092 plue
1437 1050 1569 1091 quam
1588 1050 1682 1092 pet·

283 1091 478 1144 fectum,
517 1095 743 1148 quomodo
777 1094 895 1148 apud
932 1095 1133 1134 Graecos.
1195 1094 1306 1135 Cum
1338 1092 1529 1136 dicimus
1556 1090 1686 1146 enim

284 1148 444 1204 legere,
478 1147 785 1204 imperfectam
806 1164 897 1189 rem
920 1147 1237 1205 significamus,
1269 1164 1383 1206 quae
1401 1150 1471 1190 vel
1489 1150 1546 1191 ad
1565 1161 1687 1205 prae·

286 1219 411 1251 sens,
458 1207 528 1246 vel
571 1206 625 1246 ad
664 1204 951 1262 praeteritum
982 1205 1297 1262 imperfectum
1335 1205 1522 1248 attinetae
1569 1207 1688 1248 Cum

286 1275 396 1301 vero
418 1260 589 1317 legisse,
622 1263 882 1318 perfectam,
916 1277 1029 1318 quae
1051 1276 1129 1303 sua
1151 1273 1215 1303 est
1237 1275 1323 1304 tam
1346 1260 1685 1318 praeteriiiiper-

290 1317 395 1359 fecti
420 1333 550 1374 quam
571 1320 671 1373 plus
693 1334 825 1375 quam
848 1319 1050 1375 perfecti.
1108 1321 1223 1361 Nota
1245 1330 1417 1367 autem,
1450 1319 1572 1373 quod
1593 1315 1688 1358 vim

287 1373 490 1415 nominis
514 1375 576 1415 rei
600 1375 739 1430 ipsius
763 1379 895 1416 habet
917 1377 1103 1417 verbum
1134 1375 1378 1418 infinitum.
1399 1411 1401 1413 .
1439 1375 1570 1418 Unde
1588 1372 1690 1430 qui-

289 1432 390 1473 dam
411 1445 581 1473 nomen
608 1431 734 1473 verbi
754 1434 840 1472 hoc
861 1446 955 1472 esse
978 1431 1196 1473 dicebant.
1239 1432 1357 1475 Dico
1372 1431 1492 1478 enim
1513 1432 1687 1472 bonum

289 1498 355 1528 eet
381 1489 550 1543 legere,
597 1498 649 1529 ut
679 1488 716 1528 si
746 1487 890 1529 dicam
915 1490 1032 1529 bona
1064 1487 1300 1530 estlectio.
1359 1491 1515 1544 Itaque
1537 1485 1689 1529 omnis

288 1546 450 1586 modus
480 1543 634 1585 finitus
655 1555 799 1600 potest
826 1560 905 1600 per
931 1547 1050 1586 hunc
1068 1544 1376 1601 interpretari,
1409 1555 1460 1586 ut
1479 1542 1520 1586 si
1540 1542 1692 1587 dicam

288 1601 416 1657 lego,
445 1599 556 1656 quid
577 1599 805 1643 indicavi?
836 1603 978 1656 legere
1002 1616 1088 1644 me.
1140 1605 1282 1657 Lege,
1314 1601 1419 1657 quid
1439 1597 1695 1657 ἱῐιψθιῒδνίῗ·Ἰ

288 1657 437 1712 legere
480 1669 537 1699 te.
599 1657 783 1700 Utinam
804 1659 1021 1711 legerem,
1059 1657 1167 1712 quid
1197 1658 1387 1714 optavi?
1428 1658 1575 1714 legere
1603 1670 1694 1698 me.-

294 1714 408 1756 cum
422 1715 580 1770 legam,
602 1714 755 1764 venio,
789 1714 897 1770 quid
915 1713 1077 1765 junxi?
1109 1713 1389 1779 priuslegere
1407 1723 1508 1770 post
1523 1711 1692 1755 venire.

217 1774 272 1808 IX
299 1771 526 1812 Gerundia
558 1785 738 1827 quoque
767 1772 838 1812 vel
861 1769 1174 1826 participialia,
1217 1785 1316 1812 cum
1350 1769 1695 1827 participiorum

226 1832 272 1866 44
295 1828 368 1868 vel
390 1826 631 1869 nominum
649 1827 888 1869 videantur
905 1828 1062 1868 habere
1084 1841 1206 1868 casus
1228 1827 1460 1883 obliquos,
1491 1841 1574 1868 nec
1586 1837 1695 1867 tem-

263 1901 266 1906 ·
296 1898 406 1940 pora
438 1883 718 1939 significent,
770 1885 892 1940 quod
921 1882 1118 1924 alienum
1149 1894 1214 1924 est
1239 1899 1263 1925 a
1300 1886 1461 1929 verbo,
1500 1881 1692 1938 legendi,

255 1963 257 1967 ·
297 1941 505 1996 legendo,
537 1942 794 1996 legendum,
825 1942 1012 1985 lectum,
1048 1939 1190 1986 lectu,
1223 1939 1392 1981 infiniti
1422 1937 1523 1980 vice
1544 1948 1696 1979 tamen

299 1996 576 2051 funguntur,
622 1999 740 2052 quod
760 1997 872 2038 solet
893 1997 1007 2050 apud
1033 1998 1225 2038 Graecos
1247 1994 1442 2038 articulis
1470 1992 1695 2049 conjungi.

299 2055 454 2109 Itaque
478 2068 560 2108 pro
594 2052 801 2105 infinito,
846 2051 922 2110 qui
950 2052 1240 2107 conjungitur
1270 2051 1470 2110 genitivo
1494 2049 1615 2092 casui
1633 2065 1698 2091 ar-

350 2218 385 2261 §-
406 2229 462 2262 43.
490 2221 688 2263 conjuncta
705 2216 827 2252 habet.
857 2217 980 2261 Vulgo
1002 2215 1150 2251 habeat.
1186 2215 1289 2249 Illud
1305 2215 1476 2250 Codices.
1522 2215 1597 2249 Pto
1615 2220 1699 2247 tra-

398 2264 578 2297 ctabimus
600 2263 719 2298 codd.
749 2265 1040 2297 tractaverimus.

350 2307 534 2353 Infinieus
560 2311 697 2361 moqus.
744 2309 879 2353 Vulgo,
905 2307 1126 2353 Infinitivus
1153 2308 1289 2342 modus.
1338 2308 1416 2342 Nos
1448 2305 1609 2342 Codicon
1631 2316 1699 2338 no-

400 2361 498 2388 stros
516 2361 638 2389 secuti
657 2365 797 2388 sumus.

352 2411 386 2458 §.
408 2423 466 2456 44.
493 2412 690 2446 Iuvenalis
709 2413 748 2444 in
774 2410 804 2444 I.
829 2410 965 2456 Vulgo,
993 2410 1050 2444 ΙΙ.
1098 2411 1205 2444 MSS.
1230 2411 1330 2457 Lips.
1356 2423 1434 2454 με.
1456 2422 1490 2456 5.
1510 2409 1591 2444 Erl.
1613 2420 1643 2443 1.
1665 2420 1699 2444 2.

360 2491 362 2494 ,
400 2464 507 2492 recte
526 2458 769 2493 consentiunt
786 2457 828 2490 in
847 2467 1006 2490 numero
1023 2458 1155 2502 primo.
1204 2458 1278 2491 Sat.
1302 2459 1372 2492 111.
1394 2470 1446 2492 vs.
1470 2467 1535 2501 235

351 2503 515 2548 Alplzius
533 2505 683 2539 Avitus.
726 2503 820 2537 Edd.
845 2502 924 2536 Ald.
948 2504 1029 2537 Bas.
1053 2502 1185 2538 Colon.
1207 2503 1384 2547 Alpheus.
1434 2501 1632 2538 Putschius
1645 2505 1702 2535 te-

397 2561 504 2584 mere
535 2549 740 2595 Alplzaeus.
789 2551 865 2582 Nos
897 2549 1006 2583 MSS.
1039 2548 1173 2583 Zwicc.
1196 2562 1226 2584 2.
1250 2549 1386 2583 Dresd.
1409 2549 1519 2583 Luth.
1541 2547 1643 2592 Lips.
1668 2558 1699 2580 1.

327 2599 330 2600 ⁷
400 2609 432 2631 2.
451 2607 484 2641 5.
507 2595 585 2630 Erl.
611 2607 640 2630 1.
664 2608 696 2630 2.
717 2595 812 2630 Edd.
834 2596 926 2629 Ven.
950 2596 1071 2630 secuti
1089 2595 1306 2640 scripsimus
1325 2596 1496 2640 Alphius.

357 2654 392 2698 5.
412 2662 470 2698 45.
497 2654 620 2689 Cicero
634 2663 702 2697 pro
724 2652 873 2687 Milone.
902 2653 990 2698 Cap.
1004 2665 1059 2699 29.
1108 2652 1181 2687 Hic
1197 2653 1304 2687 locus
1323 2653 1565 2701 negligenter
1581 2660 1603 2684 a
1622 2647 1705 2683 Pri-

306 2710 314 2725 (
403 2700 531 2734 seiano
557 2699 743 2744 allegatus
760 2706 830 2734 est.
1555 2716 1558 2718 .
1592 2703 1595 2707 ·
1631 2716 1634 2719 .

698 2741 716 2754 β
753 2740 764 2752 Ι

355 2742 466 2782 ἐντὶ
490 2743 597 2788 τοῦ,
631 2755 714 2780 του
739 2732 1030 2792 ανιγνόναι.
1077 2746 1137 2779 Ita
1164 2743 1264 2779 edidi
1292 2755 1314 2779 e
1333 2745 1416 2780 MS.
1436 2743 1517 2779 Er]-
1539 2726 1573 2778 ι..
1596 2751 1704 2786 prae·
