1748 3112
320 285 404 332 450
764 280 884 323 LlB.
914 279 994 322 IX.
1056 280 1196 323 CAP.
1230 284 1277 324 V.

323 399 493 461 quaein
505 392 728 455 praesenti
740 391 1028 451 penultimam
1044 392 1057 434 i
1073 395 1239 436 habent
1258 407 1518 453 correptam,
1531 412 1719 456 eamque

324 467 502 503 servant
523 454 570 495 in
590 450 830 508 praeterito
852 464 1032 507 quoque
1056 450 1365 506 penultimam.
1394 457 1458 496 Ea
1481 454 1607 498 enim
1625 471 1715 498 non

322 509 647 574 produciturin
658 506 894 565 praeterito
912 523 990 563 per
1014 509 1129 549 hanc
1143 509 1343 558 formam,
1359 509 1441 552 etsi
1456 509 1505 553 in
1515 527 1714 568 praesen-

322 574 359 615 ti
374 569 596 629 positione
609 565 668 607 sit
685 566 896 620 longa,ut
913 562 1020 606 bibo
1036 563 1141 611 bibi,
1156 564 1279 606 findo
1301 566 1394 614 fidi,
1407 568 1564 610 scindo
1585 568 1715 611 scidi.

323 633 379 674 Et
393 626 640 672 sciendum,
654 623 774 678 quod
793 620 840 662 in
859 619 929 662 his
943 635 1124 676 quoque
1137 621 1185 662 in
1199 636 1252 664 eo
1264 624 1335 664 vel
1351 622 1399 664 in
1410 623 1456 666 io
1469 624 1717 667 desinentia

287 675 296 678 ο
321 687 454 728 verba
475 696 564 724 una
583 680 747 733 syllaba
764 678 1035 742 minuuntur
1055 677 1102 718 in
1114 679 1367 734 praeterit0‚
1382 691 1432 722 ut
1449 683 1585 724 sedeo
1605 681 1717 730 sedi.

246 1381 291 1415 30

324 746 454 786 foveo
479 738 590 788 fovi,
602 750 765 778 moveo
788 749 930 782 movi,
949 748 1088 789 paveo
1109 734 1441 792 pavi,prandeo
1463 738 1632 794 prandi,
1649 754 1717 781 ve-

321 801 398 842 nio
419 795 539 844 veni,
554 792 726 852 reperio
748 790 922 849 repperi
938 805 946 829 ι
969 792 1091 846 quod
1104 794 1354 835 notandum
1365 805 1445 844 est,
1458 795 1581 850 quod
1600 807 1717 839 ante?

320 852 632 915 penultimam.
652 864 748 892 non
771 846 1069 905 penultimam
1089 848 1301 903 produxit
1323 850 1562 906 positione.
1620 851 1718 894 Alia

320 927 429 954 vero
444 915 566 967 pares
585 910 750 950 habent
762 906 948 959 syllabas
973 918 1078 945 cum
1090 905 1322 960 praesenti,
1340 918 1391 948 ut
1410 911 1519 960 juvo
1531 908 1643 960 juvi.
1660 910 1717 949 le·

321 986 376 1028 go
394 968 499 1024 legi,
512 967 664 1022 frango
688 962 813 1018 fregi,
828 961 1021 1003 defendo
1037 961 1230 1009 defendi,
1246 976 1327 1018 ago
1343 963 1428 1019 egi.
1487 967 1717 1021 Repetunt

319 1034 612 1069 consonantes
634 1020 806 1078 primae
827 1017 1008 1074 quidem
1027 1017 1358 1074 conjugationis
1382 1021 1473 1062 duo
1494 1022 1716 1074 monooyl-

318 1084 432 1135 laba,
446 1082 500 1124 do
516 1078 632 1127 dedi,
649 1089 715 1118 sto
732 1075 850 1124 steti,
867 1086 911 1116 et
924 1090 973 1114 ex
995 1074 1063 1115 his
1083 1074 1346 1131 composita,
1358 1078 1500 1130 reddo
1522 1076 1716 1125 reddidi,

317 1150 438 1183 resto
450 1135 591 1180 restiti
606 1152 616 1185 ;
649 1135 817 1176 habent
836 1143 987 1172 autem
1000 1130 1272 1187 penultimas
1288 1134 1456 1175 breves.
1490 1135 1717 1178 Secundae

318 1209 427 1238 vero
450 1194 498 1235 in
514 1190 743 1248 principio
765 1197 976 1245 repetunt
1005 1189 1236 1242 quaedam,
1271 1199 1315 1230 et
1336 1191 1501 1232 habent
1520 1189 1716 1247 penulti-

317 1267 412 1295 mas
434 1248 661 1307 positione
679 1248 850 1302 longas,
867 1244 986 1285 sicut
1008 1243 1055 1284 in
1078 1245 1299 1299 praesenti
1321 1246 1714 1304 antepenultimas.

317 1321 369 1352 ut
389 1310 555 1350 tondeo
575 1302 767 1351 totondi,
789 1303 972 1343 mordeo
993 1301 1235 1350 momordi,
1252 1305 1450 1358 spondeo
1471 1303 1713 1360 spopondi,

314 1367 492 1424 pendeo
510 1360 722 1420 pependi«.
753 1357 932 1401 Tertiae
944 1370 1091 1399 autem
1105 1360 1318 1412 quaedam
1340 1358 1388 1401 in
1403 1359 1630 1416 principio
1653 1375 1716 1402 re·

314 1426 490 1480 petunt,
500 1420 717 1475 quaedam
730 1416 776 1457 in
788 1415 891 1455 fine.
909 1417 960 1455 In
973 1414 1196 1470 principio
1211 1416 1466 1471 repetentia,
1478 1416 1580 1458 siin
1594 1431 1714 1474 prae-

314 1476 432 1521 senti
453 1473 750 1533 penultimam
779 1473 962 1513 brevem
995 1470 1245 1518 habuerint,
1279 1473 1325 1513 in
1347 1472 1584 1524 praeterito
1606 1487 1714 1529 quo·

315 1549 404 1592 que
423 1531 672 1588 corripiunt
694 1544 806 1578 eam,
838 1529 947 1569 cado
971 1526 1130 1575 cecidi,
1164 1542 1275 1570 cano
1298 1528 1459 1581 cecini,
1489 1529 1615 1586 patio
1638 1544 1712 1585 pe-

313 1590 426 1648 peri.
487 1589 566 1631 Sin
595 1589 729 1644 longa
760 1584 886 1626 sitin
908 1582 1144 1640 praesenti,
1176 1585 1427 1640 penultima
1454 1584 1713 1628 naturaliter

314 1649 361 1690 in
382 1644 621 1702 praeterito
641 1657 821 1707 quoquc
841 1640 1130 1706 produeitur,
1162 1652 1214 1682 ut
1240 1643 1377 1683 caedo
1396 1642 1567 1696 cecidi,
1594 1644 1710 1699 pedo
1740 1682 1744 1685 .

313 1702 492 1764 pepedi.
553 1700 632 1743 Sin
655 1699 879 1756 positione
908 1708 967 1738 stt
988 1713 1034 1737 m
1057 1698 1276 1753 praesenti
1296 1699 1547 1755 penultima
1564 1701 1711 1755 longa.

315 1771 382 1802 est
412 1760 594 1817 quando
627 1767 829 1798 servatur
856 1753 905 1794 in
935 1753 1198 1810 praeterito,
1241 1766 1306 1797 est
1337 1757 1512 1812 quando
1543 1758 1710 1808 abjecta

312 1825 592 1860 ‘consonante
617 1812 872 1868 corripitur.
932 1814 1142 1853 Servatur
1160 1810 1209 1852 in
1231 1811 1315 1860 his,
1345 1826 1484 1868 posco
1503 1811 1706 1869 poposci,

312 1887 449 1930 parco
469 1869 664 1928 peperci,
697 1870 802 1910 fallo
826 1867 976 1922 fefelli,
1007 1868 1142 1909 tendo
1165 1867 1351 1917 tetendi,
1380 1871 1527 1925 pendo
1547 1883 1708 1934 pepen-

313 1930 372 1978 di,
402 1943 534 1972 curro
556 1925 761 1974 cucurri3
793 1926 961 1976 abjecta
990 1935 1265 1965 consonante
1283 1925 1527 1980 corripitur
1545 1940 1595 1967 m
1617 1923 1706 1973 his,

313 1985 435 2028 disco
468 1983 630 2031 didici,
664 1983 782 2037 pello
813 1981 990 2037 pepuli,
1023 1991 1154 2036 tango
1186 1978 1337 2036 tetigi,
1369 1995 1512 2037 pango
1536 1979 1704 2039 pepigi,

308 2055 464 2108 pungo
497 2037 693 2096 pupugi,
723 2039 865 2078 tundo
897 2035 1062 2077 tutudi.
1122 2039 1179 2078 Et
1206 2038 1553 2086 attendendum,
1585 2038 1707 2094 quod

312 2111 462 2145 omma
486 2111 550 2142 ea,
583 2108 692 2151 quae
713 2094 943 2150 geminant
961 2091 1254 2149 principalem
1277 2095 1503 2146 syllabam,
1525 2106 1706 2136 servant

306 2167 404 2196 non
426 2154 572 2196 solum
597 2161 936 2198 consonantem,
967 2165 1124 2191 verum
1157 2150 1290 2190 etiam
1314 2151 1515 2193 vocalem
1533 2150 1704 2208 primae

305 2212 500 2264 ‘syllabae
519 2207 762 2266 praesentis
784 2205 1015 2272 temporis,
1037 2217 1127 2248 tam
1149 2205 1197 2246 in
1225 2205 1384 2262 prima,
1409 2221 1550 2263 quam·
1567 2207 1617 2249 in
1639 2222 1706 2250 se—

305 2266 454 2309 cunda
482 2266 646 2319 syllaba
658 2293 677 2312 ,-
700 2263 788 2306 nisi
812 2278 835 2304 a
858 2274 936 2312 s1t3
970 2277 1018 2305 ea
1042 2263 1165 2304 enirn
1197 2262 1245 2303 in
1266 2277 1296 2304 ,e
1315 2263 1619 2313 convertitur,
1650 2275 1701 2307 ut

308 2337 447 2379 posco
478 2320 690 2377 poposci,
723 2321 857 2361 tendo
890 2318 1085 2367 tetendi,
1133 2320 1280 2375 pendo
1309 2319 1529 2376 pependi,
1569 2335 1701 2364 curro

308 2380 507 2428 cucurri,
549 2377 669 2419 disco
697 2375 857 2421 didici.
896 2390 1048 2432 pungo
1088 2375 1283 2432 pupugi:
1331 2370 1553 2432 excipitur
1579 2380 1700 2435 pello

306 2433 476 2492 pepuli.
540 2438 571 2477 A
591 2446 697 2475 vero
721 2431 770 2473 in
787 2446 811 2474 e
841 2443 1052 2483 mutatur,
1083 2442 1132 2473 ut
1152 2433 1257 2474 fallo
1280 2431 1433 2480 fefelli,
1466 2448 1599 2490 Parco
1621 2450 1699 2492 pe-

303 2604 306 2609 ,
350 2562 385 2608 §0
406 2574 463 2607 31.
489 2562 578 2608 quia
607 2563 620 2595 i
643 2560 775 2596 hahuit
804 2565 891 2593 ante
920 2570 952 2593 o.
1001 2558 1199 2594 Putschius
1229 2570 1316 2593 cum
1342 2559 1427 2595 Bas.
1457 2561 1540 2597 Ald.
1560 2554 1694 2597 *haben

396 2607 480 2643 MS.
504 2607 637 2659 Zwiee.
660 2620 691 2642 2.
714 2605 826 2663 Luth.
844 2606 1017 2666 aliique,-
1034 2605 1129 2640 Edd.
1152 2605 1286 2640 Colon.
1307 2606 1401 2640 Vsu.
1426 2618 1455 2641 1.
1476 2620 1509 2643 2.
1529 2608 1671 2644 habuit.

1746 2569 1748 2590 l

1746 2591 1748 2614 l

349 2701 383 2747 §-
406 2711 462 2745 32.
489 2700 602 2746 igitur
619 2700 662 2733 de
677 2697 926 2745 generalibus.
952 2697 1096 2731 Vitiose
1111 2697 1207 2732 Edd.
1227 2699 1310 2732 Bas.
1332 2697 1466 2732 Colon.
1504 2688 1691 2735 ἐκείῖἰόιιε.
1746 2695 1748 2738 :J

396 2745 572 2781 Correxit
589 2744 801 2786 Putschius‚
831 2744 1102 2789 praeeuntibus
1119 2745 1214 2779 Edd.
1236 2745 1267 2777 V
1270 2756 1329 2779 en.
1354 2757 1383 2779 ι.
1405 2756 1437 2779 a.
1525 2745 1533 2752 '
1579 2744 1688 2780 ima·
1745 2741 1748 2770 3

393 2791 579 2836 nuscripti
591 2789 839 2838 generalibus,
