1748 3112
270 230 351 274 280
651 233 776 274 Lln.
809 232 886 273 Vl.
946 232 1089 276 CAP.
1118 231 1274 276 xvu.

269 349 391 402 λαγος
408 345 585 401 pelagus
603 343 765 401 pelagi.
824 344 899 389 Sic
919 345 1034 398 Χάος
1053 346 1200 388 Chaus
1219 345 1343 389 Chai.
1403 344 1591 402 Ovidius
1612 344 1662 388 in

270 401 607 457 quartodecimo
644 403 1084 459 Metamorphoseon:
1134 405 1193 443 Et
1223 406 1403 444 Noctem
1431 397 1664 459 Noctisque

272 459 367 498 deos
404 459 618 512 Ereboque
657 459 852 514 Chaoque'
879 469 1105 509 convocat,
1146 458 1196 500 id
1223 472 1298 525 est·
1318 462 1370 501 ab
1390 461 1536 503 Erebo
1567 472 1612 501 et
1637 473 1662 500 a

272 516 415 562 Chao,
449 514 562 555 sicut
585 530 605 555 a
627 515 801 581 pelago:
833 518 996 573 absque
1017 516 1125 566 illis,
1151 529 1263 571 quae
1284 515 1333 559 in
1355 530 1427 559 ros
1451 515 1663 558 desinen-

271 569 350 622 tia,
382 572 668 613 antecedente
693 572 777 613 alia
807 575 889 615 sub
911 573 1065 615 eadem
1095 574 1259 626 syllaba
1284 583 1569 620 consonante.
1590 590 1664 628 ρος

254 627 319 669 -in
342 644 386 668 er
418 639 688 670 convertunt
709 631 996 694 plerumque,
1029 640 1080 671 ut
1103 628 1228 686 ἀγρὸς
1249 645 1373 686 ager.
1415 631 1663 685 Μένανδρος

272 686 543 734 Menander,
595 686 647 727 de
675 686 839 742 quibus
880 701 1016 751 supra
1043 687 1295 728 docuimus.
1355 684 1433 729 Sin
1461 687 1664 739 ejusdem

271 739 362 782 sint
381 753 425 782 et
444 743 560 798 apud
582 744 769 785 Graecos
793 741 1144 791 terminationis,
1178 743 1227 784 in
1250 742 1287 784 is
1308 741 1479 785 faciunt
1524 741 1664 784 eniti..

271 812 394 839 vum.
456 803 488 840 A
510 797 709 863 genitivo
733 799 855 841 enim
880 802 1046 842 Graeco
1069 811 1243 842 mutant
1264 800 1351 841 oin
1374 798 1402 853 i,
1434 759 1666 841 afliciunt

271 853 522 921 genitivum
546 855 779 905 Latinum,
810 868 862 898 ut
882 855 904 901 ὃ
927 860 1124 907 Οἰδίπους
1147 862 1224 900 τοῦ
1247 859 1489 910 Οἰδίποδος,
1523 854 1668 898 Oedi-

270 925 356 968 pus
376 910 643 976 Oedipodis.
686 913 890 968 quamvis
907 914 1090 955 Plautus
1107 911 1299 954 ablativo
1325 927 1427 955 casu
1448 915 1500 954 ab
1525 909 1667 956 Oedi-

270 982 331 1024 po
358 966 473 1009 dixit
504 983 584 1025 pro
627 969 862 1026 Oedipode
895 970 942 1011 in
975 971 1199 1012 Poenulo·
1238 972 1357 1012 Nam
1389 973 1466 1009 isti
1500 970 1667 1023 quidem

270 1026 402 1065 hercle
430 1030 618 1066 orationi
647 1027 805 1080 Oedipo
849 1043 952 1082 opus
988 1037 1048 1066 est
1082 1030 1329 1077 conjectore,
1378 1029 1451 1080 qui
1481 1027 1666 1079 Sphinge:

272 1085 475 1135 interpres
500 1084 615 1136 suit.
678 1083 935 1139 Μελάμπους
965 1084 1258 1138 Μελάμποδος,
1289 1084 1540 1146 Melampus
1567 1083 1669 1123 Me-

269 1138 501 1194 lampodis.
562 1143 758 1182 Panthus
796 1140 916 1181 enim
950 1152 992 1182 et
1012 1144 1163 1182 Eunus
1193 1151 1237 1181 et
1267 1138 1453 1181 Antinus
1480 1148 1526 1179 et
1546 1135 1667 1180 Alci-

269 1209 378 1242 mus,
414 1210 526 1251 quae
550 1213 627 1251 per
645 1196 914 1250 synaeresim
940 1215 1011 1248 οος
1030 1196 1080 1237 in
1102 1215 1175 1247 ους
1195 1194 1527 1253 diphthongum
1548 1195 1670 1258 apud

271 1252 459 1292 Graecos
489 1254 798 1308 proferuntur,
852 1269 956 1296 cum
985 1255 1099 1318 apud
1132 1252 1231 1295 illos
1264 1253 1514 1295 secundum
1549 1250 1668 1292 inte-

270 1321 452 1363 grorum
479 1311 674 1373 regulam
699 1310 1005 1360 declinantur,
1049 1309 1097 1351 id
1116 1321 1181 1351 est
1202 1308 1251 1350 in
1277 1327 1322 1359 ος
1346 1306 1667 1356 desinentium,

270 1364 320 1405 in
353 1382 402 1408 ov
424 1364 546 1408 enim
579 1365 911 1424 diphthongum
955 1366 1197 1408 terminant
1230 1364 1507 1429 genuinum,
1550 1364 1669 1428 apud

268 1434 352 1462 nos
377 1435 555 1486 quoque
584 1425 749 1465 debent
768 1425 989 1465 secundae
1021 1438 1114 1464 esse
1142 1419 1482 1469 declinationis;
1515 1431 1558 1462 et
1577 1418 1671 1462 sic-

269 1475 360 1521 uti
416 1477 453 1519 si
496 1477 665 1535 integra
705 1494 859 1521 eorum
903 1479 1216 1532 inveniantur,
1270 1492 1452 1520 necesse
1487 1488 1578 1526 est,
1620 1491 1671 1517 ea

269 1533 515 1582 declinare
561 1536 762 1587 Πάνθους
797 1537 999 1581 Πανθόου
1036 1539 1104 1580 καὶ
1133 1535 1335 1586 Πάνθους
1363 1534 1554 1579 Πάνθου.
1613 1536 1670 1575 Et

267 1605 351 1633 nos
375 1605 478 1646 ergo
502 1594 730 1634 Panthous
749 1595 961 1641 Panthoi,
994 1595 1192 1634 Panthus
1215 1591 1398 1636 Panthi.
1458 1588 1670 1633 Horatius

268 1645 481 1689 Alcinous
510 1648 685 1691 Alcinoi
718 1648 960 1692 declinavit
989 1649 1037 1691 in
1059 1649 1203 1705 primo
1225 1648 1550 1705 Epistolarum:
1578 1650 1671 1689 Nos

268 1719 464 1745 numerus
495 1723 640 1746 sumus
669 1717 710 1747 et
722 1708 877 1760 f.ruges·
900 1722 1138 1747 consumere
1161 1710 1259 1746 nati
1270 1737 1284 1754 ‚
1325 1709 1471 1759 sponsi
1493 1707 1670 1744 Penelo-

261 1776 379 1815 pae,
411 1763 628 1804 nebulones
640 1767 910 1818 Alcinoique,
942 1764 1068 1819 Apud
1090 1761 1327 1818 Virgilium
1353 1772 1500 1802 tamen
1518 1757 1672 1802 nomi-

267 1816 450 1859 nativus
472 1828 515 1861 et
539 1819 773 1861 vocativus
797 1822 1045 1863 secundum
1072 1819 1346 1862 Graecorum
1372 1819 1567 1873 regulam
1595 1815 1672 1857 in·-

268 1872 453 1915 venitur
477 1878 675 1932 prolatus
703 1876 1026 1918 i1111.Aeneid.
1068 1877 1265 1916 Panthus
1291 1875 1532 1928 Othryades
1553 1876 1671 1913 arcis

269 1931 815 1984 Phoebiqueaacerdos.1n
835 1935 1016 1975 eodem:
1051 1935 1142 1984 Quo
1162 1948 1227 1972 res
1239 1947 1401 1971 summa
1424 1933 1526 1972 loco.
1549 1933 1671 1969 Pan-

200 1997 244 2039 89
270 1988 377 2026 thu?
418 1990 558 2039 Quam
571 1992 821 2042 prendimus
843 2006 998 2029 arcem
994 1992 1012 2018 '²
1054 1993 1220 2031 Neutra
1243 1989 1440 2040 ejusdem
1464 1985 1670 2028 termina·
1735 1989 1738 1996 ’

269 2041 432 2090 tionis.
471 2045 508 2087 si
537 2046 625 2087 sint
659 2047 984 2100 monosyllaba,
1024 2046 1359 2102 producuntur,
1393 2054 1437 2085 et
1468 2044 1608 2091 ablata
1632 2057 1666 2090 s,

269 2099 417 2141 addita
446 2101 503 2147 ris
529 2101 701 2144 faciunt
715 2101 987 2168 genitivum,
1021 2113 1070 2142 ut
1091 2104 1176 2143 hoc
1199 2106 1268 2154 jus
1287 2099 1419 2154 juris,
1453 2111 1523 2142 tus
1544 2096 1671 2146 turis,

267 2170 342 2197 rus
364 2157 501 2208 ruris,
540 2173 639 2201 crus
670 2159 824 2205 cruris.
884 2158 979 2200 Alia
1010 2173 1117 2199 vero
1153 2159 1181 2198 d
1202 2159 1271 2198 vel
1302 2158 1411 2198 lvel
1444 2172 1471 2197 n
1494 2167 1596 2198 ante
1615 2168 1668 2196 us

265 2211 433 2278 posita,
477 2227 654 2256 mutant
683 2231 735 2257 us
767 2216 814 2257 in
849 2231 872 2257 e
901 2225 1176 2270 correptam,
1220 2225 1262 2255 ct
1282 2224 1463 2277 accepta
1486 2211 1568 2259 ris,
1602 2212 1672 2252 fa-

268 2266 399 2311 ciunt
417 2270 700 2329 genitivum,
732 2284 783 2314 ut
803 2275 889 2314 hoc
908 2273 1083 2329 pondus
1105 2273 1239 2323 hujus
1259 2268 1494 2326 ponderis,
1526 2268 1671 2309 vellus

313 2418 349 2464 §-
370 2424 426 2461 88
464 2423 617 2457 ovidius
643 2424 683 2457 in
709 2426 820 2459 XIV.
847 2427 998 2459 Metam.
1026 2435 1080 2457 vs.
1101 2431 1187 2466 404.
1230 2421 1392 2456 Plautus
1423 2420 1462 2453 in
1490 2417 1666 2469 Poenulo·

360 2465 497 2500 Act.1.
529 2469 645 2513 Sc.5.
677 2482 730 2503 vs.
751 2481 806 2513 34.
835 2471 904 2514 (vs.
927 2481 1005 2514 3¹2·
1023 2469 1176 2510 Bothe).
1226 2468 1299 2500 Pro
1330 2466 1507 2511 Sphingis
1533 2460 1668 2507 scripsi

364 2511 541 2566 Sphingi,
568 2515 666 2560 quod
686 2517 793 2550 MSS.
815 2517 949 2550 Zwicc.
975 2527 1004 2549 1.
1027 2514 1139 2549 Luth.
1161 2513 1249 2558 Lips
1234 2538 1262 2546 .
1289 2525 1317 2546 1.
1341 2524 1372 2546 2.
1393 2513 1596 2553 praestant

317 2561 355 2589 et
379 2558 561 2595 Animus,
570 2566 608 2594 et
634 2561 803 2596 Alcinus.
851 2562 883 2595 E
913 2561 1032 2596 Codd.
1056 2561 1156 2605 Lips.
1182 2572 1214 2594 2
1245 2558 1323 2588 ΕΛ·
1351 2565 1383 2587 2·
1406 2558 1444 2586 et
1473 2553 1667 2588 Erl·1-et

362 2599 520 2636 Alcinus
537 2604 577 2635 in
592 2612 737 2636 textum
752 2608 896 2655 recepi
909 2606 1009 2647 quod
1028 2618 1080 2635 nu
1068 2606 1122 2634 ihi
1139 2606 1299 2646 propter
1319 2592 1491 2646 proxime
1509 2610 1668 2645 sequen—

362 2645 416 2679 tia
443 2647 701 2682 necessarium
722 2659 804 2683 esse
825 2647 1036 2682 videbatur.

315 2691 498 2729 Horatius
517 2693 609 2728 inl.
637 2696 732 2740 Epp.
763 2704 797 2731 2.
815 2706 874 2729 vs.
898 2694 952 2728 26.
977 2705 1031 2738 27.
1081 2694 1154 2727 Pro
1179 2690 1387 2744 Penelopes,
1414 2690 1514 2736 quod
1535 2690 1667 2725 editio-

363 2748 431 2774 nes
453 2738 622 2785 vulgatas
644 2740 866 2786 occupavit,
884 2739 1078 2775 Prisciano
1099 2751 1121 2775 e
1140 2738 1257 2773 Codd.
1277 2736 1436 2773 restitui
1447 2736 1667 2782 Penelopae.
