1748 3112
281 235 364 279 256
696 235 842 277 Lm.
872 236 954 279 VI.
1010 236 1149 279 CAP.
1181 238 1263 280 XI.

281 349 486 395 Licinius
505 351 658 393 Macer
676 348 726 391 in
745 352 782 392 Ι.
802 346 1069 391 Annalium:
1097 352 1200 392 Non
1221 355 1397 395 minimo
1416 368 1537 410 opere
1554 359 1676 399 miti.

279 419 339 450 tes
370 413 529 464 quietes
563 408 759 448 volebant
785 421 885 447 esse.
941 405 1163 449 Salustius
1194 406 1244 450 in
1273 413 1325 453 11.
1348 410 1674 457 Historiammz

284 468 400 520 Quia
422 480 593 519 corpore
619 474 660 505 et
679 467 835 520 lingua
857 467 1069 518 percitum
1093 475 1134 505 et
1158 469 1386 520 inquiet-‘em
1411 475 1574 511 nomine
1603 474 1676 513 1ιί-

172 533 175 536 ’
205 535 254 572 59
277 526 454 564 strionie
473 526 547 562 mlx
577 525 676 562 sam·
694 522 1003 576 Burbulegium
1022 524 1279 576 appellabat.
1319 525 1417 567 Alia
1434 539 1545 569 Vero
1561 533 1676 580 ejus·

275 581 376 622 dem
412 578 743 620 terminationis
763 577 948 620 nomina
969 593 991 620 e
1014 578 1094 619 ini
1115 591 1287 622 mutata
1310 581 1480 625 faciunt
1505 583 1677 640 geniti-

271 651 398 685 vum,
431 647 480 677 ut
501 635 580 677 hio
598 639 749 678 Verres
772 637 905 693 hujus
924 635 1084 684 verris,
1117 639 1227 679 haec
1247 641 1404 680 caedes
1424 641 1560 693 hujus
1579 655 1675 684 cae·

273 693 354 736 dis.
414 691 709 749 Excipiuntur
734 691 804 733 his
824 707 899 748 pes
918 691 1061 748 pedis,
1088 694 1201 735 haec
1222 697 1355 737 Ceres
1382 697 1514 748 hujus
1535 699 1676 741 cere-

268 750 344 798 ris,
377 764 545 792 merces
570 749 802 797 mercedis,
833 748 911 791 hic
929 759 974 790 et
991 751 1100 792 haec
1132 753 1283 793 haeres
1303 752 1519 802 haeredis,
1551 755 1676 797 locu-

267 808 365 865 ples
384 805 642 862 locupletis.
667 817 710 847 et
731 805 815 848 tria
836 804 1020 862 quintae
1043 806 1361 850 declinationis
1380 825 1404 850 e
1429 809 1676 867 corripien-

269 863 332 905 tia
352 875 443 906 tam
464 863 512 904 in
530 862 751 920 genitivo,
784 877 919 918 quam
941 861 990 903 in
1012 862 1184 912 dativo,
1217 863 1325 906 fides
1349 865 1488 915 fidei‚2
1503 882 1572 908 res
1591 866 1672 916 rei,

265 936 366 977 spes
388 920 495 978 spei.
555 919 790 962 Invenitur
814 918 950 960 etiam
981 919 1131 971 plebes
1155 920 1318 976 plebei.
1378 922 1599 967 Salustius
1619 922 1673 966 in

203 977 205 980 ’
266 981 302 1027 1.
339 976 667 1019 Historiarum:
699 978 863 1016 ‘Plebei
901 978 1181 1017 tribunitiam
1214 988 1479 1032 potestatem.
1555 983 1672 1022 Nam

263 1035 391 1092 plebs
413 1033 554 1091 plebis
580 1033 687 1074 facit
718 1031 987 1088 genitivum.
1045 1037 1104 1075 Et
1134 1034 1272 1076 fames
1301 1034 1438 1088 famei
1461 1035 1674 1078 dicebant

263 1102 452 1144 veteres,
485 1092 606 1132 unde
630 1091 778 1130 adhuc
799 1090 920 1130 fame
939 1089 1210 1145 producitur
1230 1090 1279 1131 in
1299 1091 1507 1133 ablativo.
1549 1091 1672 1148 Virg.

264 1146 315 1188 in
337 1150 402 1189 VI.
419 1162 429 1189 ε
461 1150 588 1187 Melle
608 1155 855 1199 soporatam
873 1155 912 1184 et
932 1147 1158 1187 medicatis
1170 1149 1386 1201 frugibus
1408 1150 1541 1205 offam
1561 1150 1673 1201 obji-

262 1208 341 1253 cit,
373 1207 441 1244 ille
457 1205 585 1258 fame
613 1204 771 1256 rapida
787 1206 877 1242 tria
893 1212 1079 1256 guttura
1103 1207 1312 1257 pandens.
1369 1203 1599 1248 Iuvenalis
1619 1203 1671 1247 in

261 1264 312 1304 V.
346 1263 450 1301 Inde
477 1270 618 1300 autem
646 1275 744 1299 cum
778 1277 820 1300 se
847 1270 1022 1300 matura
1043 1262 1226 1310 levavit,
1260 1265 1484 1317 progenies
1513 1266 1671 1304 stimu-

261 1321 378 1358 lante
398 1319 524 1372 same
544 1319 742 1372 festinat
760 1318 822 1356 ad
844 1319 991 1365 illam,
1024 1322 1356 1371 quamprimum
1370 1319 1582 1371 praedam
1600 1333 1672 1358 ru-

256 1385 334 1430 pto
348 1384 606 1429 gustaverat
635 1389 724 1414 om.
783 1374 909 1414 Idem
930 1372 977 1413 in
997 1375 1184 1415 eodem:
1213 1376 1408 1414 Membra
1427 1375 1670 1429 alienafa-

265 1448 327 1472 me
347 1432 611 1481 lacerabant,
644 1447 731 1471 esse
747 1433 904 1483 parati
921 1439 959 1468 et
978 1445 1087 1480 sucu
1116 1429 1244 1486 quasi
1267 1430 1450 1487 quintae
1475 1431 1668 1473 declina·

190 1499 235 1535 60
259 1488 398 1530 tionis
431 1490 741 1544 produxerunt
768 1485 1032 1528 ablativum.
1096 1488 1260 1528 Graeca
1285 1488 1485 1541 ejusdem
1504 1483 1668 1529 'tei-mi:-

258 1544 484 1592 nationis,
517 1543 568 1585 in
601 1562 675 1595 ους
703 1544 866 1593 velsog
897 1544 968 1584 vel
994 1542 1043 1583 in
1061 1560 1133 1594 τος
1161 1542 1418 1599 genitivum
1447 1546 1667 1591 Graecum

256 1601 568 1650 terminantia,
604 1619 654 1645 ov
684 1602 755 1642 vel
779 1618 800 1644 ο
832 1601 902 1640 vel
935 1617 978 1643 εο
1000 1598 1083 1640 ini
1112 1599 1463 1648 commutantia,
1495 1600 1667 1643 faciunt

255 1658 510 1718 genitivum
533 1658 760 1709 Latinum,
788 1667 840 1698 ut
873 1656 1128 1712 Παλαμήδης
1163 1657 1435 1712 Παλαμήδους
1469 1659 1664 1699 Palame-

257 1717 334 1758 des
357 1714 627 1766 Palamedis,
674 1713 901 1770 Ἐτεοκλῆς
924 1712 1187 1767 Ἐτεοκλέος,
1225 1715 1428 1757 Eteocles
1450 1714 1663 1767 Eteoclis,

299 1880 579 1927 Burbulegimn.
606 1878 729 1924 Vulgo
746 1877 997 1923 Barbulejum.
1047 1877 1123 1914 Sed
1145 1876 1306 1914 Codices
1326 1876 1404 1916 mei
1420 1877 1508 1920 fere
1521 1885 1655 1913 omnes

345 1938 416 1972 per
435 1939 457 1960 u
477 1927 644 1960 efferunt
662 1925 736 1959 hoc
755 1936 910 1967 nomen,
932 1925 1034 1970 LiPS.
1059 1937 1090 1960 ι.
1105 1938 1136 1960 2.
1159 1925 1238 1959 Erl.
1255 1937 1282 1958 1.
1299 1937 1330 1958 2.
1351 1924 1526 1959 Heidelb.
1541 1923 1657 1959 Luth.

343 1973 483 2007 Dresd.
533 1972 710 2018 Plerique
740 1983 811 2016 per
836 1984 863 2017 g
891 1971 1072 2006 scribunt.
1122 1971 1216 2005 Edd.
1241 1971 1333 2004 Ven.
1361 1968 1471 2005 MSS.
1494 1970 1596 2016 Lips.
1616 1981 1654 2016 3⁵.

342 2019 518 2054 Heidelb.
538 2019 650 2053 Luth.
673 2018 806 2052 Zwicc.
833 2030 859 2051 1.
884 2030 916 2051 2.
935 2018 1208 2062 Burbulegium.
1241 2017 1343 2062 Lips.
1369 2029 1399 2051 1.
1418 2016 1653 2054 Burbuleum.

343 2065 584 2111 Appellahat.
635 2064 741 2098 Libri
766 2063 911 2108 vulgati
937 2061 1193 2108 appellabant.
1243 2062 1433 2109 Equidem
1459 2062 1503 2096 in·
1519 2073 1563 2097 re
1574 2062 1655 2097 sh-

343 2123 455 2146 scura
479 2110 645 2158 optimae
664 2116 778 2144 notae
799 2109 1015 2153 Codicibus,
1037 2109 1149 2143 Luth.
1171 2109 1272 2154 Lips.
1299 2121 1329 2144 1.
1352 2121 1386 2144 2.
1408 2108 1547 2144 Dresd.
1570 2108 1650 2144 Erl.

346 2170 375 2192 1.
400 2170 447 2201 2.‚
475 2157 687 2204 parendum
717 2168 800 2191 esse
820 2154 962 2190 censui.
1599 2168 1612 2195 p

294 2205 331 2251 s.
349 2215 406 2250 59.
433 2218 453 2238 e
472 2207 512 2239 in
540 2205 555 2238 i
570 2210 716 2238 mutata
743 2202 906 2247 faciunt.
953 2206 1108 2240 Mutata
1130 2200 1234 2236 edidi
1250 2213 1320 2247 pro
1339 2202 1528 2238 mutantia
1545 2202 1650 2246 juxta

343 2250 528 2285 Codicum
545 2250 778 2284 mandatum.

292 2297 494 2332 Invenitur
512 2297 638 2331 etiam.
686 2296 810 2340 Vulgo
843 2301 894 2329 et.

297 2344 400 2389 Virg.
422 2344 464 2376 in
495 2345 560 2378 VI.
586 2342 677 2376 Aen.
707 2353 760 2376 vs.
781 2352 863 2385 420.
912 2340 992 2375 Erl.
1017 2352 1048 2374 1.
1074 2346 1302 2385 saporatum.
1347 2337 1485 2384 rapida
1515 2337 1649 2383 scripsi

275 2413 287 2418 -
367 2400 410 2422 ro
429 2389 575 2430 rabida,
598 2399 678 2422 non
697 2388 820 2422 solum
838 2386 941 2433 quod
959 2387 1069 2421 MSS.
1091 2386 1192 2431 Lips.
1208 2398 1236 2420 1.
1261 2398 1292 2420 2.
1314 2385 1392 2420 Erl.
1410 2397 1441 2419 1.
1453 2396 1486 2419 2.
1507 2383 1648 2419 Dresd.

338 2400 452 2470 Ruth.
472 2434 588 2469 scribi
605 2434 661 2469 sic
679 2435 824 2478 jubent,
850 2433 918 2467 sed
937 2432 1054 2467 etiam
1075 2432 1178 2478 quod
1197 2443 1268 2466 vox
1279 2432 1417 2485 rapida
1428 2430 1552 2465 multo
1568 2440 1650 2464 me·-

336 2480 413 2516 lius
433 2481 635 2516 conveniat
642 2479 758 2526 fami,
785 2490 898 2526 quam
913 2478 1060 2513 rabida.
1093 2479 1208 2513 Fame
1225 2483 1415 2514 cruciatus
1430 2487 1548 2524 rapax
1566 2475 1649 2524 qui·

338 2527 427 2562 dem
446 2528 504 2571 fit,
529 2538 607 2563 non
623 2532 751 2562 autem
769 2526 934 2560 rabidus.

292 2574 490 2612 Juvenalis
509 2574 549 2608 in
573 2575 616 2611 V.
662 2574 733 2608 Est
751 2574 827 2608 Sat.
847 2573 926 2607 XV.
947 2583 1025 2608 102.
1046 2582 1078 2617 5.
1599 2597 1603 2604 ἶ

291 2630 326 2674 5,
349 2621 404 2655 60.
433 2623 574 2655 Graeca
600 2621 764 2664 ejusdem
787 2619 1074 2653 terminationis.
1122 2617 1269 2663 Vulgo,
1299 2615 1348 2651 In
1366 2627 1406 2650 es
1429 2615 1647 2662 productam

338 2669 480 2701 Graeca
505 2667 668 2710 ejusdem
697 2665 966 2699 declinationis.
1017 2664 1214 2699 Lubenter
1240 2661 1487 2698 retinuissem
1515 2660 1644 2706 vulga-

334 2717 416 2746 tam
442 2712 663 2754 lectionem.
694 2711 726 2744 si
754 2710 940 2745 Codicum
959 2710 1067 2747 ‚ratio
1098 2709 1346 2756 permisisset.
1395 2707 1471 2743 Sed
1494 2705 1535 2741 hi
1561 2706 1652 2740 fere

298 2768 301 2770 ·
337 2769 471 2794 omnes
490 2769 587 2803 eam,
613 2768 728 2804 quam
752 2756 895 2804 recepi,
922 2756 1132 2792 lectionem
1159 2755 1352 2791 exhibent.
1400 2754 1485 2789 MS.
1505 2751 1642 2788 Dresd.
