1748 3112
290 284 374 332 ,⁶292
712 275 836 316 LIB.
866 275 975 316 VII.
1036 275 1169 317 CAP.
1203 277 1264 320 11.

294 403 419 429 mum.
452 390 679 429 Lucanus:
712 390 769 427 Ec
777 392 932 440 juncto
957 389 1165 430 Sarmata
1193 391 1314 429 velox
1334 391 1576 432 Pannonio.
1606 392 1689 432 Te·

294 455 408 487 rent.
440 443 487 485 in
515 445 637 485 Adel.
665 445 775 484 Geta
787 453 932 484 autem
951 445 1021 484 Iu'c
1043 461 1127 484 non
1148 446 1276 489 adest.
1318 448 1366 486 111
1390 447 1572 488 eodem.
1601 449 1692 487 Hic

297 503 409 542 Geta
421 511 661 565 praeterea,
683 510 731 541 ut
747 510 900 555 captus
924 510 987 540 est
1009 517 1220 542 servorum
1230 532 1243 549 ,
1275 517 1359 542 non
1381 504 1534 551 naulae,
1565 518 1695 568 neque

296 562 419 602 iners.
479 555 635 599 Idem
622 572 668 598 ιιι
689 558 825 600 And..
866 558 957 597 Aac
975 567 1022 598 tu
1049 568 1127 598 aut
1146 560 1217 598 hic
1238 558 1695 612 Byrrltia.1demin

297 616 545 658 Eunucho.
586 617 678 654 Ilio
701 614 914 655 Chaerea?
957 616 1041 666 Qui
1066 615 1267 658 Chaerea.
1306 615 1563 658 Iuvenaliu'
1548 630 1599 657 m
1620 618 1694 658 111.

253 682 275 715 5
306 672 506 712 Occurris
521 671 668 725 fronte
697 672 878 712 obducta
907 686 983 710 ceu
1003 675 1179 712 Mareia
1197 676 1350 713 victus.
1409 674 1599 729 Oportet
1625 682 1697 713 ta·-

299 743 404 770 rnen
438 726 564 778 scire,
589 728 711 784 quod
741 727 786 768 in
811 726 1067 769 faemininis
1089 743 1112 768 a
1131 727 1477 770 terminantibus
1499 725 1693 772 Graecis.

303 783 439 826 etiam
470 783 508 824 si
544 785 761 840 producta
791 784 848 825 sit
884 784 1004 839 apud
1051 784 1143 825 illos
1172 799 1196 825 a
1228 784 1396 834 finalis,
1435 786 1699 850 plerumque

291 839 555 906 corripiunt
583 855 678 882 eam
713 840 880 883 Latini
940 839 1097 882 Omnis
1126 840 1248 882 enim
1276 839 1589 885 nominativus
1609 844 1699 883 La-

298 897 421 939 tinus
446 912 470 939 a
491 896 772 940 terminalem
792 895 991 952 corripit.
1049 900 1126 938 Est
1148 908 1296 939 tamen
1319 899 1500 966 quando
1518 907 1697 940 servant

297 969 396 996 eam
419 955 705 1009 productam,
738 956 814 995 sed
838 969 942 996 raro.
1002 957 1123 1019 Ergo
1139 955 1319 1010 quando
1340 953 1589 1011 corripiunt
1600 968 1696 996 enm

297 1011 543 1053 secundum
571 1013 820 1053 Romanam
858 1009 1258 1064 consuetudinem,
1300 1022 1491 1052 accentu
1516 1024 1606 1066 quo
1640 1025 1697 1051 ue

296 1065 457 1108 Latino
478 1066 836 1132 pronuntiantur,
869 1077 919 1108 ut
939 1067 988 1107 in
1015 1066 1108 1121 his,
1139 1066 1279 1114 Italia,
1310 1067 1515 1123 Phrygia,
1547 1070 1610 1120 Ly
1642 1065 1697 1119 in,

288 1121 449 1178 -Syria,
478 1122 631 1165 Troia.
674 1126 807 1165 Haec·
829 1123 952 1164 enim
979 1122 1389 1188 antepenultimum
1410 1125 1580 1166 habent-
1598 1137 1696 1164 acu-

289 1189 418 1228 tum,
452 1179 559 1235 quia
581 1195 604 1221 a
625 1180 798 1221 finalem
811 1178 1100 1243 corripiunt,
1143 1179 1348 1235 quamvis
1369 1181 1487 1236 apud
1508 1182 1698 1223 Graecos

287 1235 356 1277 'sit
363 1237 602 1291 producta.
662 1234 878 1278 Horatius
906 1236 955 1276 in
985 1239 1019 1279 I.
1038 1236 1325 1278 Carminum.
1359 1237 1506 1302 Lydia
1534 1237 1616 1277 dic·
1620 1250 1698 1290 per

296 1307 450 1336 omnes.
485 1291 773 1340 Voce-tivum,
805 1291 883 1349 qui
915 1291 1075 1334 similis
1105 1303 1169 1334 est
1198 1292 1248 1335 in
1270 1296 1354 1335 hac
1377 1291 1697 1335 terminatione

295 1347 551 1390 nominativ
557 1363 597 1397 o,
629 1348 828 1405 corripit.
865 1352 946 1390 Est
965 1348 1088 1391 enim
1109 1349 1392 1391 choriambus
1413 1360 1456 1391 et
1473 1348 1696 1391 bacchinio.

293 1406 363 1447 Ex
383 1419 471 1468 quo
495 1406 748 1447 ostenditur
767 1411 979 1469 correpta
1013 1404 1059 1445 in
1083 1405 1363 1447 nominativo
1396 1419 1577 1462 quoque
1608 1409 1696 1458 Ly-

298 1460 369 1506 dia
397 1458 541 1502 finalis
562 1477 597 1504 a.
620 1460 866 1518 Virgilius
854 1477 902 1501 ιιι
927 1465 975 1503 V.
1004 1465 1135 1502 Troia
1157 1463 1325 1502 Gaeinlso
1346 1472 1591 1516 conceptum
1597 1464 1695 1512 flu-

290 1521 411 1557 mine
442 1528 575 1559 mater
617 1535 737 1572 quem
767 1522 933 1573 genuit.
990 1520 1118 1574 Apud
1149 1518 1342 1560 Statium
1374 1533 1482 1560 vero
1514 1521 1693 1566 Nemea,

290 1572 403 1630 quia
431 1573 625 1616 servavit
651 1590 675 1616 a
696 1576 975 1639 productam,
1009 1586 1242 1617 accentum
1268 1590 1447 1632 quoque
1474 1578 1696 1618 Graecum

294 1631 510 1688 servavit,
550 1630 598 1672 id
634 1642 699 1672 est
725 1630 1026 1687 penultimum
1058 1642 1241 1673 acutum
1274 1633 1322 1673 in
1345 1637 1395 1676 V.
1416 1631 1695 1674 Thebaidos.

293 1689 387 1728 Nec
423 1688 588 1741 facilis
623 1691 783 1729 ,Nemea
827 1690 943 1728 latas
979 1691 1159 1734 evolvere
1198 1693 1320 1733 vires.
1380 1687 1695 1735 Accusativum

389 1851 546 1886 bendum
575 1851 737 1898 appulit,
759 1859 977 1897 propterea,
1004 1854 1106 1899 quod
1127 1865 1148 1888 a
1166 1853 1359 1899 plerisque
1380 1850 1610 1887 membranis
1629 1851 1691 1886 ab·

389 1903 499 1940 sunt,
531 1898 595 1931 vel
617 1903 730 1942 supra
748 1898 887 1942 scripta
909 1899 1145 1933 exhibentur.

338 1941 530 1977 zucanus.
557 1945 641 1978 Lib.
663 1945 733 1977 111.
759 1956 812 1978 vs,
836 1957 893 1990 93.

348 1989 492 2022 Terent.
513 1990 553 2023 in
573 1989 767 2034 Adelphis.
801 1991 867 2024 Est
888 1992 968 2025 Act
993 1993 1063 2025 ΙΙΙ.
1087 1992 1145 2026 Sc.
1170 2004 1200 2025 1.
1223 2003 1274 2025 vs.
1297 2003 1331 2035 4.
1383 1992 1428 2025 In
1449 1991 1584 2025 eodem.
1607 1990 1689 2023 Aet.

389 2035 461 2069 ΙΙΙ·
486 2035 544 2069 Sc.
565 2045 597 2078 5.
620 2044 674 2068 vs.
697 2046 754 2079 55.
772 2047 832 2080 34.
879 2040 975 2071 Item
997 2050 1037 2070 m
1055 2039 1215 2072 Andria.
1241 2039 1322 2071 Act.
1346 2038 1395 2071 11.
1417 2038 1477 2072 Sc.
1499 2047 1532 2070 2.
1555 2047 1610 2070 vs.
1633 2046 1688 2080 55.

389 2081 490 2114 Idem
507 2082 547 2114 in
566 2084 662 2116 Eun.
687 2082 769 2115 Act.
792 2083 835 2116 V.
858 2082 916 2116 Sc.
943 2096 973 2124 1,
999 2095 1031 2129 7.
1056 2088 1089 2121 8.

332 2125 539 2160 Juvenalis
559 2127 600 2160 in
618 2127 692 2161 Sat.
714 2128 780 2162 IX.
800 2140 853 2162 vs.
879 2141 911 2162 2.
938 2129 1095 2163 Plurimi
1116 2128 1235 2163 Codd.
1255 2128 1398 2163 addunt
1417 2130 1457 2163 in
1476 2134 1564 2162 ante
1577 2125 1693 2181 fron-

389 2177 438 2214 te,
466 2172 576 2207 MSS.
597 2172 731 2207 Zwico
755 2186 784 2208 1.
807 2187 839 2209 2.
862 2174 941 2209 Erl.
967 2188 997 2209 1.
1015 2185 1053 2210 2.
1077 2176 1178 2220 Lips.
1205 2187 1234 2210 1.
1284 2177 1357 2209 Pro
1374 2177 1497 2210 victus
1517 2172 1693 2208 nonnulli

388 2218 522 2252 virtus·

340 2263 376 2308 ς.
397 2273 431 2306 5.
458 2264 787 2308 antepenulimum
803 2273 963 2302 acutum.
1011 2269 1068 2301 Ita
1087 2267 1206 2302 Codd.
1229 2267 1341 2301 Luth.
1364 2268 1466 2312 Lips.
1501 2277 1532 2300 1.
1554 2264 1687 2299 Zwicc.

390 2320 420 2343 1.
469 2309 613 2354 Vulgo
640 2316 727 2344 ante
748 2313 992 2366 penulam-am
1012 2320 1171 2350 acutam

340 2355 522 2389 Horatius
538 2356 629 2390 inI.
650 2357 768 2391 earm.
798 2358 903 2391 VIII.
924 2358 1008 2392 init.
1058 2359 1242 2393 Codicum
1260 2356 1484 2393 auctoritate
1503 2355 1628 2400 omisi,
1653 2362 1690 2389 te

391 2399 489 2434 Deos
517 2412 592 2434 oro.
638 2401 732 2434 Mox
760 2402 893 2456 scripsi
919 2404 1051 2437 similis
1074 2409 1131 2438 est
1158 2416 1228 2450 pro
1259 2411 1317 2438 est
1344 2402 1488 2437 similis.
1538 2401 1691 2437 Deinde

382 2451 482 2498 post
501 2448 670 2491 correpta
698 2447 808 2481 omisi
837 2461 927 2493 esse,
958 2460 1044 2483 cum
1074 2463 1096 2483 a
1124 2451 1233 2484 MSS.
1262 2448 1358 2484 meis
1378 2449 1552 2484 omnihus
1580 2447 1688 2483 absit.

386 2491 492 2538 Virg.
517 2493 556 2525 in
581 2493 625 2527 V.
645 2498 700 2536 38.
737 2495 820 2529 MS.
841 2495 942 2540 Lips.
965 2507 996 2530 2.
1021 2497 1191 2530 Crinisio.
1237 2495 1332 2529 Edd.
1356 2495 1449 2528 V.en
1478 2492 1688 2529 Crimnisso.

376 2537 510 2617 MSCS.
514 2537 651 2572 Dresd.
672 2537 848 2575 Heidelb.
869 2541 1022 2575 Criniso.
1058 2542 1161 2586 Lips.
1188 2553 1215 2575 1.
1224 2540 1317 2575 Erl.
1338 2550 1371 2575 2
1401 2539 1573 2573 crini-vio.
1603 2538 1683 2573 Erl.

386 2593 403 2616 ι
476 2584 613 2617 rinoso.

329 2624 578 2679 penultimum
618 2635 769 2663 acutum
806 2632 909 2665 edidi
946 2644 1017 2677 pm
1060 2631 1305 2676 panultimam
1343 2637 1493 2664 acutam
1516 2642 1540 2666 e
1573 2630 1681 2665 MSS.

386 2673 519 2707 Zwicc.
541 2684 573 2707 2.
597 2673 700 2728 Lips.
724 2686 753 2708 ι.
775 2676 854 2711 Erl.
881 2690 909 2711 1.
933 2690 964 2712 2.
986 2677 1081 2712 Edd.
1103 2678 1196 2712 Ven.

337 2719 591 2760 accusativum
615 2718 663 2746 ·'—
684 2721 725 2753 in
742 2716 964 2766 faemininis
989 2724 1207 2758 invenimus.
1255 2722 1419 2776 Vulgop
1423 2728 1480 2756 ost
1499 2719 1683 2767 foemini-

381 2764 442 2799 nie
458 2763 628 2801 additum
644 2765 787 2825 leg-itin*
807 2769 848 2803 in
865 2781 927 2804 an.
975 2769 1163 2816 Equidem
1182 2769 1290 2808 MSS.
1304 2734 1451 2817 Zwicc,
1463 2780 1492 2803 ι.
1511 2779 1547 2802 2.
1570 2767 1679 2801 Luth.
