1748 3112
149 1571 152 1574 -
210 1560 250 1583 ιε
270 1542 386 1583 Illud
404 1556 584 1604 quoque
607 1541 837 1584 sciendum
854 1572 865 1589 ,
898 1543 1055 1598 quod
1043 1559 1091 1585 m
1121 1544 1167 1585 ui
1193 1544 1355 1585 divisas
1381 1543 1666 1586 terminantia

281 237 364 283 430
614 223 617 232 l
710 238 833 281 Lm.
865 239 950 284 1x.
1010 240 1151 284 cAP.
1182 243 1246 285 11

283 350 425 409 ungui
449 365 583 418 quam
614 349 723 393 unxi
744 350 902 396 dicunt
923 354 1068 398 facere
1095 355 1408 422 praetentum·
1441 355 1671 402 Charisius
1729 371 1731 376 ’

281 423 388 451 vero
421 408 529 450 unxi
563 419 748 451 tantum.
809 410 968 475 Coquo
999 413 1084 460 vel,
1117 423 1170 454 ut
1200 410 1290 460 alii,
1314 426 1422 456 coco
1443 413 1558 463 coxi,
1588 415 1673 456 lin.
1730 449 1731 452 η

283 480 374 522 qno
399 464 525 530 liqui,
559 464 714 530 tinguo
736 467 805 508 vel
839 465 962 533 tingo
987 466 1115 534 tinxi..
1177 470 1300 512 Haec
1316 481 1466 512 tamen
1485 484 1577 512 non
1596 470 1673 512 vi-
1730 510 1732 514 ,

283 520 473 565 ‘lentur'
461 537 507 562 m
534 536 593 563 uo
617 520 782 564 divisa·
809 523 1064 572 terminare,
1095 524 1143 567 in
1165 523 1330 582 quibus
1349 541 1380 567 ιι
1401 525 1494 568 vim
1516 525 1671 569 literae

281 578 462 620 amittit.
503 579 628 620 Unde
655 577 703 621 in
726 593 814 635 gno
838 579 1020 646 quidem
1043 583 1255 635 syllabam
1278 581 1561 624 terminantia
1583 585 1672 625 hu·—

280 634 529 689 juscemodi
560 646 740 677 servant
766 636 999 693 regulam
985 653 1032 678 ιη
1061 652 1118 695 go
1142 639 1508 689 terminatorum,
1555 639 1673 682 sicut

281 703 326 733 et
346 706 456 747 quae
478 690 527 732 in
547 706 637 757 quo
661 690 1124 741 fin1untur‚rat1onem
1145 707 1396 760 sequuntur
1417 695 1466 737 in
1487 710 1542 738 co
1556 694 1670 738 desi·

278 749 498 790 nentium.
560 747 761 790 Dicimus
794 749 914 790 enim
946 765 1100 816 unguo
1135 751 1263 798 unxi,
1294 762 1338 793 et
1354 751 1668 818 linguolinxi,

277 815 331 847 ut
350 804 488 862 pingo
508 803 648 870 pinxi,
681 815 726 845 et
747 804 905 861 linquo
928 804 1058 871 liqui,
1091 819 1142 849 ut
1164 807 1299 850 vinco
1320 808 1426 852 vici.
1486 809 1670 875 Ninguo

277 876 457 926 quoque
478 860 620 908 ninid,
651 863 774 903 unde
794 874 837 903 et
859 863 948 910 nix,
978 862 1096 905 sicut
1115 879 1138 906 a
1160 864 1265 907 duxi
1287 866 1392 914 dux,
1426 881 1448 907 a
1465 866 1559 907 rexi
1580 880 1669 909 rex.

276 917 524 974 Virgilius
510 933 559 960 m
580 921 652 960 111.
673 917 948 983 Georgicon:
980 923 1145 962 Interea
1167 932 1252 963 toto
1268 937 1351 963 non
1365 926 1500 964 secius
1517 937 1671 976 aequo-

276 992 319 1016 re
351 979 533 1030 ninguit.
592 973 776 1016 Attius
763 989 811 1015 m
831 977 1133 1020 Andromeda:
1168 980 1271 1019 Cum
1299 983 1512 1019 ninxerint
1537 977 1668 1019 'caele—

275 1037 406 1074 stium
423 1034 567 1072 molem
590 1032 705 1071 mihi.
765 1031 992 1089 Extinguo
1018 1034 1151 1077 etiam
1183 1034 1377 1083 extinxi,
1410 1040 1537 1088 cujus
1557 1034 1670 1077 sim-

274 1091 379 1146 plex
409 1089 591 1145 stinguo
612 1087 659 1128 in
689 1102 785 1129 raro
816 1099 880 1130 est
910 1103 1009 1132 usu.
1071 1091 1314 1148 Virgilius
1302 1066 1671 1135 m’1111.Aeneid.
1716 1126 1739 1146 ,-

283 1147 387 1186 Cum
402 1161 550 1200 genere
569 1150 778 1186 extinxem
803 1157 947 1186 memet
969 1164 1092 1202 super
1113 1153 1211 1203 ipsa
1241 1150 1455 1198 dedissem,
1481 1161 1566 1214 pro
1589 1163 1670 1191 ex-

264 1202 510 1244 -tinxissem
537 1201 737 1258 protulit.
815 1201 973 1245 Cicero
1012 1216 1161 1247 tamen
1198 1204 1245 1246 in
1275 1208 1404 1248 Arato
1434 1204 1678 1261 stinguens

275 1257 515 1315 participio
535 1273 639 1300 usus
663 1269 744 1306 est,
757 1261 880 1314 quod
896 1274 919 1301 a
937 1262 1076 1304 verbo
1091 1261 1273 1320 stinguo
1287 1261 1508 1305 nascitur.
1540 1263 1670 1314 Quem

273 1332 401 1370 neque
430 1325 646 1369 tempestas
673 1320 873 1369 perimet,
927 1333 1054 1372 neque
1086 1323 1216 1374 longa
1249 1330 1434 1360 vetustas
1456 1323 1668 1360 interimet
1719 1330 1727 1336 ’

272 1377 493 1426 elinguens
512 1376 746 1426 praeclara
765 1378 964 1436 insignia
993 1377 1300 1417 caeli.1dem
1321 1375 1549 1431 passivum
1571 1380 1668 1429 eju!

271 1427 430 1469 verbi
417 1444 464 1469 ιιι
493 1427 798 1485 Prognosticis
826 1429 1036 1485 protulit·
1073 1434 1130 1471 Ut
1152 1448 1248 1472 cum
1277 1435 1381 1472 luna
1407 1447 1549 1472 meane
1567 1435 1666 1486 Hy·-

266 1490 454 1539 periom's
475 1488 607 1537 officit
632 1486 736 1533 orbi,
754 1489 1031 1540 stinguuntur
1054 1490 1174 1528 radic¹
1192 1504 1321 1528 caeca
1342 1491 1531 1543 caligine
1551 1492 1664 1528 tecti.

267 1595 559 1656 praeteritum
591 1599 866 1662 perfectum,
898 1612 1000 1640 cum
1031 1602 1204 1643 soleant
1232 1600 1454 1666 corripere
1473 1600 1667 1666 penulti-

268 1669 404 1703 mam,
437 1665 585 1695 tamen
604 1653 898 1696 vetustissimi
927 1655 1225 1699 inveniuntur
1245 1656 1380 1699 etiam
1401 1657 1666 1724 produxisse
1740 1702 1748 1713 Ἴ,

270 1712 455 1753 eandem
476 1711 794 1776 penultimam,
837 1710 886 1751 in
918 1712 988 1753 his
1018 1712 1233 1763 maxime,
1266 1727 1378 1769 quae
1405 1728 1430 1755 a
1448 1713 1665 1766 praesenti
1736 1721 1748 1745 ³·

268 1767 321 1809 in
342 1782 403 1809 uo
427 1766 590 1809 divisas
612 1769 840 1809 desinente
856 1768 1220 1835 proficiscuntur,
1253 1782 1301 1812 ut
1326 1784 1433 1812 emo
1455 1769 1567 1818 erui,
1598 1784 1662 1812 ar·
1738 1786 1748 1813 ι

269 1838 358 1880 guo
379 1823 530 1881 argui,
562 1839 712 1866 annuo
732 1825 880 1865 annui.
939 1827 1145 1867 Ennius'
1131 1842 1179 1868 ιιι
1196 1830 1245 1869 11.
1270 1828 1440 1867 Annuit
1467 1842 1553 1868 sese
1579 1843 1664 1867 me-
1737 1831 1748 1876 ff

196 1906 221 1922 2
269 1897 367 1922 cum
397 1882 607 1922 decernere
630 1883 764 1935 ferro.
825 1880 992 1938 Supina
1021 1897 1176 1924 eorum
1203 1883 1219 1924 i
1243 1882 1472 1948 praeteriti
1497 1883 1545 1924 in
1565 1895 1663 1926 tum

268 1947 565 1984 convertunt,
599 1950 642 1979 ex
665 1939 921 2004 producunt
936 1954 966 1979 u
987 1940 1308 1994 penultimam,
1339 1938 1439 1981 acui
1458 1949 1660 1988 acutum,
1735 1890 1748 2061 Ξ

266 1992 415 2034 imbui
436 1992 677 2042 imbutum,
712 1993 837 2034 indui
857 1992 1084 2044 indutum,
1116 1995 1253 2036 annui
1273 2006 1505 2042 annuunti,
1528 1994 1662 2036 innui

266 2048 497 2098 innatum,
530 2049 657 2106 argui
687 2061 909 2108 argutum,
942 2053 1062 2093 unde
1088 2063 1131 2094 et
1153 2051 1446 2109 participium
1466 2062 1660 2108 argutus,

1743 2093 1748 2114 ι

311 2215 479 2251 ¹Dicimus
498 2215 512 2248 i
537 2215 613 2248 itur·
632 2225 753 2267 unguo
771 2215 862 2248 unxi
880 2221 915 2248 et
934 2214 1060 2262 lmguo
1079 2215 1188 2258 linxi,
1205 2223 1246 2250 ut
1259 2217 1375 2269 pingo
1387 2216 1509 2270 pinxi.
1544 2215 1661 2263 igitur

519 2265 606 2306 gato
635 2262 730 2294 enim
757 2261 886 2305 recepi
911 2273 933 2295 e
960 2262 1068 2296 MSS.
1099 2262 1211 2296 Luth.
1241 2261 1414 2295 Heidelb.
1445 2261 1547 2307 Lips.
1572 2274 1601 2296 1.
1626 2274 1655 2296 2

355 2306 436 2340 Erl.
463 2319 492 2340 1.
513 2318 544 2340 2.
572 2305 710 2340 Dresd.
733 2306 866 2340 Zwicc.
919 2308 1026 2353 Quae
1052 2314 1137 2353 post
1165 2309 1279 2354 igitur
1304 2314 1526 2353 sequuntur,
1558 2307 1659 2353 apud

355 2351 579 2386 Putschium
603 2351 785 2397 leguntur
811 2352 884 2386 ita:
922 2365 1018 2400 ungo
1047 2355 1157 2394 unxi,
1183 2359 1223 2387 ut
1243 2353 1344 2403 lingo
1370 2353 1465 2386 Iinxi
1482 2359 1519 2386 et
1539 2364 1608 2398 pv
1599 2365 1658 2400 go

324 2395 475 2450 pinxi.
527 2398 721 2450 Quantum
741 2404 870 2432 nostra
894 2405 1063 2443 praestet
1084 2399 1213 2441 lectio,
1245 2410 1322 2432 non
1339 2398 1454 2444 longa
1471 2405 1558 2443 eget
1575 2410 1657 2432 ora-
1722 2410 1727 2413 ·

296 2442 300 2448 “
355 2443 483 2486 tione;
528 2442 665 2477 nititur
692 2443 919 2479 auctoritate
946 2445 1056 2479 MSS.
1094 2444 1267 2479 Heidelh.
1299 2443 1410 2479 Luth.
1442 2444 1544 2491 Lips.
1570 2456 1600 2479 1.
1622 2457 1655 2485 2.

355 2489 547 2524 Er1.1.2.

310 2548 414 2595 Vir-g.
432 2548 473 2581 in
493 2549 572 2582 ΙΙΙ.
594 2548 723 2593 Georg.
748 2557 802 2580 vs.
820 2546 899 2592 367.

308 2604 442 2645 Attius
460 2606 500 2639 in
519 2605 765 2639 Andromeda.
799 2604 916 2638 codd.
938 2605 1075 2639 Accius
1094 2605 1156 2640 vel
1174 2606 1318 2641 Actius.
1343 2605 1543 2640 nina-erint.
1566 2605 1655 2639 vnl-

352 2662 407 2704 go
430 2650 570 2696 legitur
598 2651 773 2692 ninxerit,
808 2662 881 2695 qua
913 2651 1154 2691 auctoritate
1179 2651 1320 2685 nescio.
1367 2651 1575 2696 Receptam
1599 2651 1654 2684 le-

354 2697 524 2732 ctionem
540 2700 733 2741 praestant
751 2697 861 2732 MSS.
884 2696 997 2732 Luth.
1017 2697 1288 2732 Heidelb.Er1.
1313 2709 1342 2731 ι.
1367 2709 1398 2732 2.
1419 2697 1554 2732 Dresd.
1578 2697 1654 2731 Re-

353 2742 452 2794 liqui
468 2743 681 2784 ninxcrunt.
