1748 3112
271 244 357 310 ‘470
711 255 937 298 L113.1x.
997 255 1216 299 CARX.

276 366 407 420 jussi,
441 369 596 409 sorbeo
622 367 692 407 vel
726 365 860 410 exiam
893 369 1047 418 sorbo,
1080 380 1130 409 ut
1148 369 1296 410 Probo
1323 369 1492 425 placet,
1524 367 1674 426 sorpsi

278 426 350 466 vel
383 423 549 466 sorbui.
611 426 818 464 Lucanus
845 424 890 464 in
923 427 1012 466 1111.
1044 427 1262 478 Absorpsit
1285 429 1455 479 penitae
1485 442 1608 480 rupes
1627 434 1668 465 et

279 492 390 522 tecta
411 482 621 535 serarum
683 479 877 523 Cicero
865 497 914 522 1n
933 485 986 524 Π.
1011 481 1200 537 Philipp.
1225 484 1482 535 Sanguinem
1500 485 1670 523 ciuilem

277 540 473 578 exhausit
478 569 491 586 ,
523 540 587 578 vel
599 541 745 590 potius
766 539 965 578 exorbuit.
1027 540 1150 580 Idem
1171 553 1250 595 pro
1272 541 1501 583 Muraena·
1515 541 1667 590 Diffi-

279 597 479 634 caltatem
510 595 709 634 exorbuit.
771 596 948 636 Mulceo
980 594 1137 642 mulsi,
1180 609 1338 636 maneo
1360 594 1536 644 mansi,
1582 608 1668 637 neo

281 650 399 698 nevi,
435 654 592 692 haereo
615 650 752 701 haesi,
783 653 908 692 luceo
927 650 1036 699 luxi,
1071 653 1276 708 polluceo
1299 651 1486 708 polluxi.
1545 653 1671 695 Plau-

280 718 351 748 tus
386 706 433 747 in
464 705 640 750 Stichzo
687 711 739 748 Uc
769 710 986 748 decumam
1015 718 1184 762 partem
1213 710 1394 748 Herculi
1422 710 1672 763 polluceam.

241 762 472 805 -Naevius
502 763 548 803 in
581 765 761 811 Colace.
794 768 878 816 Qui
909 767 1106 805 decumae
1132 775 1277 817 partes
1308 776 1525 818 quantum
1534 767 1675 806 alieni
1729 795 1748 814 ,ἑ

268 823 367 875 finit
390 822 600 886 pollui-it?
633 823 710 865 tibi
739 839 766 862 α
794 823 1054 873 publicando
1081 825 1201 874 epulo
1232 824 1433 862 Herculis
1459 824 1669 862 decumae.

281 876 452 932 Supino
474 875 522 918 in
546 877 593 918 ui
619 877 799 933 quidem
828 877 991 918 divisas
1014 875 1226 919 facientia
1252 877 1536 943 praeteritum
1560 891 1673 922 neu-

280 944 356 997 tra·
369 933 602 981 deficiunt,
634 934 754 976 sicut
776 949 907 990 supra
929 933 1144 984 diximus,
1162 935 1212 975 ul
1231 933 1381 984 canui,
1408 933 1578 999 stupui,
1612 945 1672 974 te·

280 988 383 1044 pui,
415 990 594 1040 horrui,
625 990 777 1047 parui,
812 991 927 1046 egui.
989 990 1154 1032 Deficit
1177 988 1311 1032 etiam
1333 990 1490 1038 metui,
1523 988 1672 1032 timui.

236 1046 239 1050 ’
281 1049 396 1111 Nafn
418 1062 440 1087 a
463 1046 584 1087 carui
610 1049 679 1088 vel
703 1047 892 1088 ceritum
925 1049 995 1089 vel
1018 1062 1191 1089 cassum
1215 1048 1392 1088 videtur
1411 1061 1550 1104 posse
1563 1043 1671 1092 dici,

281 1102 385 1166 quia
412 1103 552 1146 futuri
584 1103 874 1159 participium
897 1105 1137 1152 cariturus,
1170 1103 1392 1159 praeteriti
1421 1111 1568 1146 caesus
1587 1100 1676 1143 in-

279 1158 474 1199 venitur.
536 1160 760 1202 luvenalis
793 1160 841 1202 in
872 1163 1096 1207 secundo,
1140 1160 1382 1215 quomodo
1399 1160 1674 1204 antelatum

282 1226 366 1256 est·
423 1218 579 1256 Tolle1e
618 1218 778 1256 dulcem
821 1222 985 1271 cogitat
1023 1219 1124 1256 lzaet
1126 1219 1235 1257 edem
1267 1221 1480 1259 cariturus
1509 1225 1675 1259 turture

282 1287 449 1326 magno,
513 1272 720 1328 Virgilius
754 1273 802 1314 in
826 1278 880 1318 11.
905 1273 1147 1316 Aeneidos:
1186 1277 1403 1314 Demisere
1429 1277 1534 1320 meod,
1562 1286 1674 1312 nunc

212 1344 256 1380 57
282 1345 452 1371 cassum
473 1332 629 1369 lumine
656 1333 812 1384 lugent
874 1329 1023 1372 Activa
1048 1344 1153 1372 vero
1183 1332 1447 1386 plerumque
1469 1327 1517 1371 ui
1545 1342 1678 1370 voca·
1742 1329 1748 1336 '

281 1386 342 1426 les
370 1383 418 1425 in
446 1384 461 1424 i
492 1398 741 1449 correptam
774 1387 1084 1428 convertentia
1115 1398 1343 1428 assumunt
1375 1397 1497 1433 tum,
1530 1390 1581 1426 nt
1600 1387 1676 1427 ha-

280 1442 366 1482 beo
388 1441 523 1482 habui
551 1441 778 1489 habitum,
812 1442 996 1482 inhibeo
1029 1441 1209 1483 inhibui
1241 1441 1519 1492 inhibimm‚
1549 1455 1676 1497 prae-

281 1499 364 1539 beo
383 1498 570 1562 praebui·
591 1498 860 1553 praebitum,
894 1512 1056 1540 moneo
1079 1497 1237 1539 monui
1260 1497 1502 1540 monitum.
1561 1500 1674 1540 Pau-

283 1568 331 1594 ca
352 1565 498 1595 autem
526 1554 573 1596 ui
597 1554 644 1596 in
667 1566 764 1596 turn
796 1566 1079 1602 convertunt,
1110 1554 1201 1596 nisi
1225 1553 1578 1597 consonantium
1596 1568 1678 1594 na·-

284 1619 383 1650 tura
402 1610 649 1666 prohibeat,
681 1623 731 1652 ut
750 1623 879 1652 teneo
903 1612 1025 1652 tenui
1056 1622 1244 1657 tentum.
1278 1613 1417 1652 doceo
1440 1610 1575 1652 docui
1595 1611 1679 1651 do-

282 1677 422 1713 ctum,
456 1669 607 1708 censui
636 1682 742 1708 vero
775 1682 976 1721 censum,
1009 1668 1112 1732 quia
1136 1669 1181 1708 in
1213 1667 1405 1724 simplici
1429 1667 1626 1712 dictione
1647 1681 1678 1707 n

283 1725 575 1764 antecedente
597 1739 615 1765 s
642 1735 685 1766 et
710 1735 726 1764 t
756 1725 852 1766 sine
875 1740 896 1765 r
933 1723 1060 1789 sequi
1093 1738 1184 1766 non
1202 1735 1403 1781 possunt.
1460 1723 1575 1766 Iussi
1597 1737 1678 1764 ve-

262 1793 332 1820 το
361 1790 405 1820 et
432 1781 566 1821 mulsi
599 1792 643 1822 et
674 1781 815 1823 mansi
840 1792 883 1821 et
905 1780 1027 1822 haesi
1059 1783 1302 1822 secuudum
1325 1778 1678 1846 praenuntiatam

285 1837 481 1901 regulam
514 1838 561 1876 in
594 1838 630 1878 si
665 1837 990 1892 proferentium
1022 1838 1313 1901 praeteritum
1345 1838 1358 1877 i
1393 1837 1438 1878 in
1463 1851 1539 1878 um
1563 1850 1677 1877 con-

282 1892 501 1933 vertentia
523 1893 695 1934 faciunt
718 1894 944 1958 supinum,
964 1893 1072 1945 jussi
1093 1898 1279 1945 jussum,
1313 1893 1446 1934 mulsi
1466 1892 1675 1939 mulsum,

283 1948 426 1989 mansi
453 1963 683 1998 mansum,
722 1950 841 1991 haesi
874 1952 1072 1991 haesum.
1123 1953 1159 1990 A
1181 1949 1336 1991 sorbui
1366 1947 1613 1996 sorbitum,
1651 1962 1676 1988 a

329 2117 364 2161 §
385 2117 441 2160 56.
469 2119 642 2150 Lucanus
674 2117 712 2148 in
731 2116 800 2150 IV.
826 2127 879 2148 vs.
906 2127 979 2149 100.
1031 2116 1102 2149 Cic.
1133 2116 1170 2148 in
1200 2118 1254 2149 II.
1281 2115 1383 2151 Plu'l.
1414 2116 1504 2160 cap
1527 2127 1580 2159 29.
1630 2117 1679 2149 Iu

376 2168 465 2196 ante
489 2163 706 2208 sanguinem
736 2161 963 2195 auctoritate
993 2161 1074 2195 MS.
1107 2162 1217 2195 Luth.
1242 2161 1413 2206 expunxi.
1464 2161 1586 2195 Locus
1615 2160 1679 2194 hic

374 2219 508 2253 parum
539 2213 713 2241 accurate
742 2207 912 2240 redditus
933 2213 1001 2241 est.
1052 2208 1123 2240 Pro
1143 2208 1265 2251 potius
1287 2208 1365 2242 MS.
1380 2207 1491 2252 Lips.
1514 2220 1544 2242 2.
1562 2206 1679 2253 peni-

376 2260 448 2287 tus.
498 2253 674 2287 exorbuit.
720 2255 824 2287 Haec
843 2259 900 2287 est
921 2253 1190 2305 orthographia
1210 2254 1286 2286 Pris
1275 2253 1400 2287 ciani.

330 2300 401 2333 Οἱς.
423 2311 490 2344 pro
521 2302 714 2333 Muraena.
751 2301 840 2343 Cap.
863 2312 895 2344 9.
956 2298 1118 2332 Plautus
1154 2300 1192 2332 in
1223 2299 1356 2333 Stis-lam
1396 2299 1528 2333 Act.1.
1560 2298 1619 2333 Sc.

374 2357 427 2379 vs.
446 2350 502 2384 80.
530 2343 738 2379 secundum
758 2345 815 2378 ed
836 2344 947 2378 Both.
969 2345 1020 2385 ΙΙ,
1045 2357 1073 2378 1.
1096 2349 1150 2382 80·
1189 2346 1373 2378 decumam
1396 2351 1554 2390 partem.
1604 2310 1675 2377 ΛΞ-

377 2391 471 2424 dunt
487 2389 581 2424 Edd.
603 2401 647 2422 ex
673 2397 766 2423 voto
817 2390 939 2425 Omisi
959 2389 1054 2423 haec
1082 2390 1307 2424 auctoritate
1323 2391 1431 2424 MSS.
1455 2389 1567 2424 Luth.
1589 2390 1680 2423 Hei-

378 2436 477 2470 delh.
499 2436 600 2480 Lips
626 2447 655 2468 2.
679 2447 710 2479 3.
733 2437 811 2470 Erl.
837 2449 865 2470 1.
889 2449 920 2470 2.
943 2436 1079 2470 Dxffesd
1095 2436 1227 2470 Zwicc.
1255 2448 1282 2469 1.
1307 2448 1336 2469 2.
1361 2436 1455 2470 Edd.
1476 2437 1567 2470 Ven.
1593 2449 1621 2470 1.
1644 2449 1676 2470 2.

329 2484 493 2519 Naevius
515 2482 556 2516 in
589 2481 731 2516 Colace.
780 2483 883 2516 Unus
910 2493 1085 2516 meorum
1116 2481 1232 2516 Codd.
1267 2483 1356 2527 quid
1376 2493 1445 2527 pro
1467 2483 1551 2529 qui;
1584 2482 1679 2539 alius

327 2527 329 2531 ¹
377 2535 414 2571 et
432 2528 670 2574 publicando.

334 2576 481 2619 Supina
503 2573 619 2609 Codd.
642 2574 788 2618 supina.
812 2574 968 2608 Retinui
986 2575 1175 2619 vulgatam
1194 2574 1400 2609 lectionem
1419 2585 1464 2608 ex
1476 2573 1568 2608 Edd.
1582 2575 1675 2607 Ven.

330 2628 419 2654 ante
438 2620 552 2654 latum
570 2626 638 2652 est.
685 2621 789 2654 Haec
809 2626 866 2654 est
883 2621 998 2655 lectio
1019 2620 1137 2655 Codd
1160 2620 1674 2654 Luth.Heide1b.Zwicc.-a

382 2678 414 2700 2.
436 2667 536 2712 LiPS.
561 2678 592 2699 2.
615 2665 693 2702 Erl.
720 2678 748 2699 1.
772 2678 803 2700 2.
823 2667 958 2701 Dresd.
991 2666 1086 2700 Edd.
1109 2667 1202 2700 Ven.
1228 2678 1257 2700 1
1279 2679 1309 2700 2.
1362 2666 1504 2711 Vulgo
1541 2667 1676 2699 dietum

377 2718 446 2747 est.
481 2713 514 2747 Ε
533 2711 759 2757 glossemate
778 2712 876 2747 hanc
894 2712 1100 2746 lectionem
1120 2718 1244 2746 ortam
1262 2724 1344 2746 esse
1365 2712 1476 2747 docet
1495 2713 1576 2746 MS.
1588 2709 1674 2746 Hei-

380 2757 480 2797 delh.
502 2756 541 2792 in
563 2769 636 2804 quo
655 2757 909 2804 superscripta
924 2758 982 2793 his
1001 2764 1106 2792 sunt:
1141 2765 1228 2792 ante
1245 2760 1380 2795 dictum
1407 2764 1475 2792 est.
