1748 3112
312 260 395 319 578
705 260 1328 302 L1B.XI11.CAP.V1.

315 376 389 419 nis
416 388 543 417 causa
575 370 848 437 pronomina
879 386 972 414 esse
994 371 1188 429 putare?
1248 371 1326 414 Sin
1348 380 1501 416 autem
1517 372 1565 415 in
1586 376 1642 415 d(
1633 372 1748 415 Ueii·
1746 398 1748 405 ι

317 431 518 480 natione,
552 431 621 472 vel
652 445 698 470 ιιι
721 428 1000 471 derivatione
1028 431 1247 494 quaedam
1276 428 1568 495 inaequalitas
1598 429 1748 471 inve·

318 491 453 539 nitur,
484 500 536 530 ut
559 486 656 552 quis
677 500 788 542 quae
811 487 947 541 quod,
982 485 1093 528 alius
1117 484 1202 527 alia
1227 484 1367 539 aliud
1398 485 1511 530 nihil
1538 485 1748 534 mirum.
1742 471 1748 498 ¹

319 562 423 591 cum
449 545 496 586 in
518 543 730 586 omnibus
752 542 952 609 paitibus
977 540 1209 589 orationis,
1244 544 1298 585 de
1321 541 1484 608 quibus
1501 545 1624 585 nulla
1648 541 1748 585 du·
1744 566 1748 570 1

318 602 477 646 bitatio
514 612 604 649 est,
637 603 725 642 hoc
757 599 1041 651 inveniatur,
1075 611 1125 641 ut
1156 599 1202 640 in
1235 599 1499 643 nominibus
1532 601 1747 665 supellex

322 657 639 724 supellectilis.
671 660 834 721 hospes
866 655 1072 721 hospita,
1106 656 1286 724 gracilis
1306 656 1491 722 gracila‘
1544 655 1593 699 in
1626 671 1727 722 pro·

321 715 611 761 nominibus
599 730 692 771 ipse
711 712 812 755 vel
799 728 920 769 ipsus
943 712 1037 769 ipsa
1059 713 1234 779 ipsum·
1274 713 1323 755 in
1354 711 1502 757 verbis
1522 728 1624 755 sum
1647 713 1725 762 fui,

325 776 422 817 fero
444 772 541 815 tuli.
585 772 703 814 Illud
727 784 903 836 quoque
926 770 1107 835 quidam
1131 769 1367 822 objiciunt,
1402 771 1525 827 quod
1548 771 1729 812 demon⁴

327 829 484 875 stratio
505 839 569 871 est
593 826 771 885 propria
800 826 1141 884 pronominum,
1174 838 1223 869 ut
1243 827 1330 874 hic.
1364 842 1468 893 ergo
1498 838 1542 869 et
1563 827 1663 869 talis
1686 838 1732 868 et

327 898 504 936 tantus,
545 888 621 927 sed
653 886 774 927 falso.
837 886 950 926 Nam
984 883 1189 925 adverbia
1223 897 1401 940 quoqne
1433 883 1733 925 inveniuntur

329 942 705 993 demonstrativa,
738 952 789 983 ut
823 957 903 989 en,
937 955 1066 983 ecce.
1107 955 1212 997 ergo
1248 952 1291 982 et
1329 940 1512 983 nomina
1545 950 1733 1006 possunt

331 1016 426 1046 esse
459 997 837 1047 demonstrativa3
885 1009 929 1039 et
958 998 1230 1054 pronomina
1265 1010 1413 1039 tamin
1442 997 1734 1039 inveniuntur

333 1057 528 1102 carentia
560 1054 961 1103 demonstratione,
996 1070 1107 1111 quae
1133 1066 1239 1097 sunt
1268 1055 1474 1107 relativa,
1504 1066 1556 1096 ut
1585 1053 1621 1096 is
1647 1053 1732 1096 sui.

267 1127 329 1166 33
338 1119 437 1158 Hoc
458 1125 606 1155 autern
629 1113 814 1154 interest
835 1110 953 1153 inter
983 1110 1414 1154 demonstrationem
1435 1112 1673 1154 nominum
1691 1120 1737 1152 et

334 1170 676 1230 pronominum,
710 1170 832 1225 quod
864 1167 925 1216 id,
958 1170 1078 1226 quod
1107 1170 1435 1211 demonstratur
1463 1183 1544 1225 per
1574 1181 1738 1234 prono-

335 1244 466 1281 men,
509 1229 655 1269 solum
687 1224 940 1268 ostenditur
970 1241 1046 1283 per
1071 1241 1140 1273 se,
1173 1240 1258 1267 nec
1289 1227 1343 1267 ad
1374 1224 1510 1267 alium
1523 1224 1738 1292 pertinet

338 1284 638 1328 extrinsecus.
672 1284 795 1340 quod
816 1297 923 1330 vero
944 1298 1024 1348 per
1042 1297 1225 1330 nomen,
1241 1297 1334 1325 non
1353 1281 1531 1325 solum·
1519 1296 1737 1338 ipsorum,

340 1357 451 1399 quae
469 1342 790 1387 ostenduntur,
823 1340 898 1381 sed
931 1339 1062 1381 etiam
1087 1339 1293 1390 illorum,
1322 1342 1379 1380 ad
1401 1354 1511 1395 quos
1531 1339 1739 1381 referun-

340 1413 426 1444 tur,
461 1395 888 1440 demonstrationem
927 1398 1074 1445 habet,
1107 1407 1158 1437 ut
1192 1396 1291 1438 talis
1323 1398 1510 1449 Pyrrhus
1543 1407 1737 1461 apparet,

343 1454 484 1513 qualis
505 1465 630 1510 pater
649 1457 768 1505 ejus·
828 1463 871 1493 et
892 1454 1012 1507 quod
1033 1452 1298 1509 pronomina
1318 1454 1668 1494 demonstrativa
1688 1466 1738 1492 ιιι

344 1513 499 1555 eodem
535 1525 695 1567 genere
729 1520 773 1550 et
802 1523 989 1551 numero
1025 1520 1229 1558 manent,
1279 1509 1358 1574 qui
1391 1511 1748 1556 demonstratur,

344 1569 528 1611 nomina
551 1582 658 1608 vero
682 1565 1028 1608 demonstrativa
1028 1580 1289 1632 possumus
1309 1563 1483 1607 diversa
1504 1567 1740 1607 ostenden-

345 1637 410 1667 tes
440 1627 495 1666 ad
520 1623 691 1665 diversa
725 1623 899 1670 referre,
931 1633 982 1663 ut
1002 1622 1039 1664 si
1071 1622 1336 1678 aspicientes
1371 1637 1494 1664 mare
1524 1621 1748 1671 dicamus,

347 1683 479 1724 talem
515 1695 608 1723 esse
635 1679 816 1730 Nilum,
851 1693 953 1721 cum
985 1679 1040 1721 sit
1061 1679 1190 1722 Nilus
1224 1678 1484 1723 masculini.
1518 1693 1638 1720 mare
1670 1693 1743 1719 at.-

348 1751 439 1781 tem
462 1736 641 1780 neutri:
673 1738 743 1778 vel
768 1736 803 1778 si
826 1736 925 1792 quis
960 1735 1076 1777 dicat
1105 1747 1294 1778 statuam
1315 1737 1517 1777 Herculis
1541 1750 1740 1783 cernens.

348 1794 460 1838 tanti
485 1795 670 1835 fuerunt
692 1793 780 1834 mei
805 1804 1024 1848 parentes,
1043 1808 1115 1849 qu·
1105 1803 1233 1835 intus
1258 1790 1342 1834 iste
1361 1792 1586 1834 Hercules.
1629 1796 1748 1835 Cum

348 1851 470 1895 enim
491 1865 633 1892 unum
656 1849 854 1916 aspiciat,
884 1849 1044 1906 plurali
1071 1849 1138 1891 uti
1161 1861 1310 1906 potest
1331 1863 1534 1892 numero
1595 1848 1643 1891 Si
1664 1847 1745 1904 igi-

349 1920 423 1951 tur
452 1906 765 1950 similitudinis
792 1922 922 1949 causa
955 1907 1266 1959 hujuscemodi
1293 1905 1534 1948 nominum
1563 1906 1748 1946 demon-

351 1963 585 2008 strationes
600 1964 931 2027 proferuntur,
963 1975 1074 2018 quae
1106 1974 1172 2005 est
1193 1963 1239 2003 in
1267 1962 1500 2005 communi
1530 1960 1746 2026 qualitate

350 2023 423 2063 vel
454 2019 726 2084 quantitate,
760 2034 844 2074 qua
875 2029 1027 2061 carent
1053 2019 1345 2074 pronomina,
1379 2033 1492 2075 quae
1522 2017 1747 2060 dubitatio

353 2089 431 2125 est,
463 2091 646 2118 nomina
671 2076 808 2141 magis
835 2077 941 2117 haec
966 2090 1058 2116 esse
1077 2075 1340 2131 appellativa
1357 2076 1377 2116 ‘3
1439 2079 1592 2140 Itaque
1613 2074 1746 2116 inier-

352 2145 600 2198 pretantes,
640 2132 748 2190 quid
780 2143 844 2173 est
875 2132 995 2184 talis,
1036 2134 1106 2173 vel
1138 2133 1322 2173 tantus9
1366 2131 1555 2174 dicimus
1585 2130 1748 2173 similis

353 2189 476 2238 huic,
507 2191 561 2231 de
584 2204 673 2244 quo
694 2188 937 2246 loquimur,
978 2191 1093 2246 Ergo
1119 2204 1220 2230 cum
1237 2188 1530 2254 adjungimus
1550 2190 1748 2254 substan-

357 2246 467 2288 tiam
486 2246 709 2311 qualitati,
741 2250 865 2301 (nam
888 2245 998 2288 huic
1026 2245 1320 2287 substantiam
1352 2243 1593 2311 significat.
1624 2243 1748 2286 simi

339 2302 411 2345 lis
442 2318 548 2344 vero
584 2301 862 2360 qualitatem)
892 2313 1063 2350 tantus,
1108 2301 1207 2343 talis
1236 2301 1503 2358 pronomina
1532 2316 1625 2344 esse
1654 2315 1748 2366 non

343 2370 555 2416 possunt.
601 2362 757 2416 Neque
786 2357 1134 2415 pronominibus
1162 2360 1431 2407 redduntur,
1463 2361 1541 2401 scd
1557 2356 1748 2400 nomini-

291 2417 460 2469 540bus,
492 2418 580 2457 hoc
603 2426 667 2458 est
689 2427 902 2481 quantus,
934 2417 1004 2456 vel
1032 2414 1184 2471 qualis.
1247 2414 1354 2457 Tria
1374 2426 1522 2457 autem
1542 2426 1648 2457 sunt
1667 2416 1748 2455 de·-

339 2472 645 2514 monstrativa
675 2472 874 2519 nomina,
908 2470 1022 2524 talis,
1055 2483 1218 2522 tantus,
1249 2483 1330 2520 tot,
1363 2483 1408 2514 et
1439 2473 1562 2528 quod
1596 2486 1618 2512 a
1648 2483 1748 2528 pro-

355 2528 540 2570 nomine
575 2528 865 2586 componitur
894 2529 1150 2577 etnomine‚
1184 2507 1439 2581 h’ujusmodi
1462 2529 1528 2570 vel
1553 2530 1748 2584 hujusce-

354 2584 497 2628 modi.
558 2588 687 2628 Unde
709 2589 796 2628 hoc
815 2599 994 2642 quoque
1025 2584 1146 2627 aliud
1167 2585 1433 2628 intrinsecus
1461 2585 1748 2632 demonstrat.

397 2773 434 2819 §.
455 2783 511 2818 35.
532 2773 751 2819 partiuntur
770 2771 834 2807 vel
849 2769 1073 2817 referuntur.
1121 2771 1288 2806 Restitui
1308 2782 1331 2805 e
1350 2770 1470 2807 Codd.
1489 2770 1748 2811 indicativum,
