1748 3112
206 1896 252 1922 1·

273 231 356 288 296
670 233 793 274 Lm.
825 232 931 274 vn.
992 230 1256 275 CAR-111.

273 358 325 386 ae
343 343 679 402 diphthongum
701 346 940 402 profertur.
974 355 1024 386 ut
1039 342 1147 386 hiet
1169 358 1196 386 o
1213 354 1371 401 poetae
1387 358 1400 385 ε
1428 347 1507 395 sed
1525 344 1573 389 in
1595 344 1666 389 his

273 415 368 443 non
388 412 535 458 potest
556 401 718 444 divisio
743 402 852 451 fieri,
875 401 994 445 sicut
1015 400 1064 442 in
1085 402 1185 443 illis.

387 459 622 501 Genitivus
643 459 824 515 pluralis
852 463 946 511 ejus
968 457 1278 501 declinationis
1308 457 1358 500 fit
1375 458 1525 501 addita
1550 461 1665 502 abla-

272 513 369 558 tivo
389 514 599 573 singulari
622 530 721 558 rum
740 518 915 570 syllaba,
948 526 998 557 ut
1019 517 1074 557 ab
1098 518 1183 558 hoc
1207 527 1350 572 poeta,
1382 517 1543 559 horum
1564 530 1665 572 poe.

271 582 443 619 tarum,
481 575 533 614 ab
570 576 652 615 hac
688 577 837 622 Musa,
889 575 1046 614 harum
1094 575 1339 615 Musarum.
1398 573 1667 617 Producitur

273 627 396 670 enim
431 644 454 670 a
475 641 564 671 tam
595 629 643 671 in
663 629 855 672 ablativo
889 628 1102 687 singulari
1124 645 1257 686 quam
1279 628 1328 670 in
1352 629 1550 686 genitivo
1570 633 1666 682 plu-

270 684 368 728 rali.
425 689 489 728 Et·
511 689 784 736 notandum,
826 687 948 743 quod
977 698 1133 729 omnes
1164 701 1288 728 casus
1310 698 1397 728 tam
1429 686 1668 744 singularis

272 756 406 798 quam
439 744 624 800 pluralis
655 743 830 786 numeri
864 757 986 799 pares
1010 745 1175 785 habent
1199 758 1388 785 numero
1411 745 1595 797 syllabas
1617 745 1667 790 in

272 801 358 841 hac
385 799 711 851 declinatione,
754 810 939 856 excepto
971 797 1174 858 genitivo
1195 798 1369 856 plurali.
1430 799 1519 842 Hic
1543 801 1667 846 enim

271 858 470 898 abundat
500 873 589 899 una
618 859 794 911 syllaba.
853 861 934 900 Est
961 868 1110 899 autem
1135 859 1312 913 quando
1342 859 1463 899 hunc
1488 871 1668 915 quoque

270 927 352 969 per
374 913 682 956 concisionem
704 914 955 971 proferunt,
989 927 1033 958 et
1060 914 1251 955 maxime
1275 915 1323 955 in
1344 914 1604 970 compositis
1623 927 1668 959 et

269 971 620 1026 patronymicis‚
664 982 715 1013 ut
738 975 1038 1028 Grajugenum
1060 985 1139 1027 pro
1162 973 1523 1027 Grajngenarum.
1571 971 1667 1014 vir-

269 1025 408 1083 gilius
441 1027 488 1069 in
521 1032 592 1071 lll.
623 1027 866 1071 Aeneidos:
909 1030 1280 1084 Grajugenumque
1307 1029 1479 1076 domus,
1517 1043 1668 1082 suspe-

271 1091 421 1138 ctaque
438 1086 670 1139 linquimus
689 1102 808 1127 arva.
855 1087 906 1129 In
930 1088 1110 1128 eodem:
1145 1086 1508 1139 caprigenumque
1519 1100 1664 1137 pecus,

272 1143 389 1180 mulo
418 1145 588 1182 custode
612 1159 688 1196 per
719 1143 910 1190 herbam,
950 1158 1029 1198 pro
1051 1140 1412 1198 Caprigenarum.
1469 1142 1594 1184 Idem
1616 1141 1667 1184 in

270 1198 377 1239 vlu,
401 1199 566 1252 Optime
586 1201 893 1252 Grajugenum,
914 1203 988 1239 eui
1004 1214 1066 1240 me
1075 1201 1262 1253 fortuna
1278 1201 1464 1252 precar&
1504 1198 1573 1253 JIn
1594 1213 1666 1241 eo·

270 1253 396 1296 dem:
432 1257 786 1311 omnigenumque
814 1258 938 1296 deum
965 1267 1180 1303 monstra,
1220 1265 1261 1295 et
1282 1258 1464 1295 latrator
1485 1257 1666 1305 Anubt's,

268 1325 348 1367 pro
389 1311 745 1368 omnigenarum.
805 1313 879 1355 Sic
911 1313 1185 1357 Caelicolum
1221 1326 1300 1368 pro
1329 1310 1666 1365 Caelicolarum,

270 1378 316 1409 et
352 1368 671 1411 trinundinum
701 1384 782 1425 pro
814 1368 1197 1414 trinundinarum.
1257 1368 1414 1410 Cicero
1446 1380 1527 1423 pro
1560 1370 1668 1411 Cor·

267 1424 389 1466 nelio
412 1424 461 1466 in
485 1425 658 1481 primo:
709 1428 776 1467 Ex
802 1428 1145 1480 promulgatione
1166 1426 1461 1465 trinundinum
1485 1427 1573 1465 dies
1609 1428 1671 1466 ad

257 1478 488 1536 ferendum
501 1493 769 1538 potestasque
787 1488 975 1524 venisset.
1031 1485 1309 1539 Amphorum
1336 1495 1416 1537 pro
1437 1484 1666 1538 amphora·

267 1553 394 1588 rum,
442 1541 696 1582 Aeneadum
733 1555 911 1596 quoque
942 1555 1022 1596 pro
1059 1540 1370 1580 Aeneadarum.
1433 1538 1667 1581 Lucretius

269 1593 318 1636 in
345 1595 501 1651 primo}
513 1610 668 1638 versu:
700 1600 944 1640 Aeneadum
966 1601 1169 1651 genitrix,
1199 1597 1414 1635 hominum
1443 1596 1668 1652 divumque

269 1653 478 1705 voluptas.
546 1652 765 1696 Similiter
812 1653 1118 1695 Dardanidum
1165 1665 1244 1708 pro
1297 1652 1665 1696 Dardanidarum.

270 1706 486 1764 Virgilius
506 1709 554 1751 in
574 1713 624 1752 11.
662 1712 698 1750 O
708 1715 874 1764 patria,
897 1727 918 1752 ο
937 1713 1101 1751 Divum
1122 1711 1269 1750 domus
1288 1711 1419 1749 Ilium
1438 1718 1478 1748 et
1498 1712 1667 1754 ine-luta

271 1765 375 1806 hello
414 1771 579 1807 moenia
609 1769 924 1808 Dardanidum.
983 1769 1105 1809 Idem
1140 1765 1189 1807 in
1221 1767 1291 1807 XI.
1331 1768 1568 1820 Variusque
1591 1782 1667 1821 per

271 1835 349 1862 ora
377 1828 568 1864 cucurrit
590 1827 860 1868 Ausonidum
884 1826 1058 1865 turbata
1067 1825 1244 1878 fremor.

373 1879 578 1926 ,Dativus
598 1880 779 1938 pluralis
800 1891 843 1922 et
868 1880 1086 1923 ablativus
1110 1877 1389 1935 supradictae
1410 1875 1666 1920 declinatio·

270 1934 343 1978 nis
373 1947 518 1983 mutat
543 1952 568 1980 a
599 1948 843 1981 extremam
874 1935 1060 1980 ablativi
1094 1933 1332 1994 singularis
1362 1933 1413 1977 in
1442 1933 1480 1976 is
1504 1935 1667 1992 produ·

365 2101 446 2136 cuti
464 2103 615 2137 sumusss
638 2101 849 2147 Profertur,
897 2103 955 2136 Ita
972 2101 1089 2136 iidem
1108 2100 1291 2142 Codices;
1317 2100 1444 2145 vulgo,
1464 2096 1669 2146 proferun-

366 2153 436 2182 tur.
484 2150 576 2184 Mox
596 2152 676 2191 ejus
696 2149 956 2184 declinationis
978 2148 1110 2194 scripsi
1130 2159 1198 2192 pro
1219 2148 1391 2190 ejusdem.

313 2204 428 2240 pares
452 2195 591 2229 habent
618 2207 776 2230 numero.
825 2197 1031 2239 Per-peram
1059 2193 1247 2228 editiones
1277 2192 1453 2236 vulgatae
1481 2190 1668 2235 glossema

366 2245 455 2274 ante
484 2253 630 2275 numero
662 2242 835 2275 referunt
866 2243 904 2275 in
933 2247 1014 2274 utro
1040 2254 1097 2283 ue,
1123 2246 1162 2273 et
1191 2239 1323 2280 miror,
1348 2235 1567 2271 Putschium
1593 2235 1667 2268 hoe

364 2296 444 2319 non
461 2286 611 2322 vidisse.
660 2287 799 2332 Expuli
817 2287 935 2332 igitur
957 2287 1011 2319 Co
1044 2286 1142 2320 ‘cum
1160 2284 1399 2319 auctoritate.

323 2331 426 2377 γίνε-
445 2333 486 2367 in
504 2330 582 2368 III.
601 2334 697 2368 Aen.
727 2345 781 2366 vs.
803 2343 882 2377 550.
929 2331 984 2372 *In
1002 2333 1138 2366 eodem.
1163 2343 1216 2365 vs·
1238 2343 1314 2365 221.
1369 2330 1469 2375 Virg.
1491 2329 1530 2361 in
1555 2329 1666 2364 VIII.

274 2395 277 2400 <
365 2388 419 2411 vs.
444 2389 522 2424 127.
569 2381 619 2414 In
636 2379 768 2413 eodem.
792 2391 848 2413 vs.
871 2379 951 2425 698.
999 2379 1073 2412 Pro
1094 2383 1259 2411 monstra
1286 2373 1445 2410 Codices
1465 2373 1539 2407 duo
1562 2385 1670 2407 mon-

367 2428 497 2457 strum.

325 2466 400 2503 cic.
424 2480 499 2514 pro
530 2470 697 2505 Cornelio
723 2470 852 2515 primm
900 2470 1008 2504 Male
1033 2467 1232 2503 Putschius
1260 2479 1346 2501 cum
1373 2465 1534 2509 caeteris
1547 2465 1669 2517 primo

368 2514 484 2550 traxit
512 2515 560 2550 ad
586 2515 816 2550 sententiam
855 2515 1050 2550 Ciceronis
1078 2514 1202 2549 verbis
1234 2521 1459 2559 expressam.
1509 2509 1670 2546 Codices

365 2559 447 2597 :mei
482 2573 614 2596 omnes
643 2567 731 2607 post
762 2563 881 2608 primo
914 2560 1266 2607 interpunctionem
1304 2563 1523 2604 posuerunt.
1569 2555 1666 2590 Edd.

366 2607 469 2641 Vem
478 2619 552 2653 pro
569 2607 733 2642 clientio-

327 2653 431 2700 Vir-g.
447 2654 490 2687 in
507 2656 563 2687 ΙΙ.
584 2664 639 2687 vs.
657 2663 737 2697 241.
764 2653 887 2688 Ilium.
936 2653 996 2687 Ita
1015 2652 1133 2687 Codd.
1154 2651 1277 2697 Vulgo
1295 2649 1407 2685 Ilion.
1454 2650 1528 2684 Pro
1545 2645 1669 2690 incly-

372 2705 413 2732 ta
432 2698 567 2743 scripsi
585 2698 742 2734 incluta.
789 2698 948 2734 Codices
967 2698 1115 2736 inclita.

325 2745 429 2781 Idem
445 2746 488 2779 in
503 2746 578 2781 XI.
601 2756 656 2780 vs.
677 2753 755 2792 297.
