1748 3112
283 230 335 290 32
699 228 824 271 ms
857 229 919 272 11
988 226 1129 271 cu>
1159 228 1269 270 v11.

283 341 406 386 tivus
429 344 624 386 Graecus
653 339 700 383 in
725 358 776 386 ov
807 339 997 387 desinit.
1031 351 1121 383 tam
1152 340 1200 382 in
1219 342 1322 382 ades
1356 352 1492 401 quam
1525 339 1685 382 inides

283 398 582 442 inveniuntur
603 399 725 463 apud
745 399 938 447 nitores,
971 397 1195 455 Hippotes
1219 396 1516 464 Hippotades,
1547 398 1686 439 Butes

283 457 493 504 Butades,
509 454 742 497 Corinetes
755 454 1047 501 Corinetides.
1079 456 1165 497 Sed
1182 452 1492 496 rationabilius
1506 451 1684 496 inades.

253 533 257 539 ··
283 511 498 556 Anchises
525 524 630 568 ergo
652 510 923 554 Anchisades
946 513 1018 553 vel
1050 509 1316 553 Anchisides
1348 508 1506 552 debuit
1526 510 1684 557 facere,

287 569 394 612 fecit
417 580 567 610 autem
579 567 878 622 Anchisiades,
903 567 1030 625 quasi
1049 570 1102 610 ab
1124 566 1361 610 Anchisios
1383 565 1685 632 nominativo,

286 625 516 692 quomodo
532 624 732 667 Laertios
747 625 1014 668 Laertiades.
1075 627 1318 679 Nunquam
1341 622 1466 665 enim
1483 633 1687 679 patrony-

286 682 456 724 micum
477 692 653 747 superat
671 693 895 749 primitivi
908 697 977 724 sui
1001 680 1270 738 genitivum,
1294 680 1380 722 nisi
1403 693 1489 721 una
1509 679 1688 744 syllaba.

216 746 263 796 57
288 739 381 782 Alia
403 752 509 780 vero
529 737 680 780 omnia
702 738 750 780 in
775 757 824 782 ov
845 740 960 795 apud
985 742 1174 781 Graecos
1209 735 1498 780 terminantia
1527 733 1688 792 geniti-

287 811 416 845 vum,
435 794 540 837 vel
527 810 575 836 in
599 813 658 849 ος,
689 794 796 837 vel
782 810 831 836 m
851 802 924 846 ους
947 795 1297 859 diphthongum,
1330 795 1401 836 vel
1426 792 1473 834 in
1498 810 1566 846 ως,
1584 805 1689 833 mu-

287 863 387 895 tant
407 866 478 894 eas
507 850 556 893 in
579 850 697 901 ides,
732 863 775 894 et
805 851 980 894 faciunt
1007 850 1392 909 patronymicum,
1421 860 1472 891 ut
1500 851 1691 906 Πρίαμος

292 909 488 967 Πριάμου
509 884 778 958 Priamides,
826 912 990 963 Νέστωο
1024 912 1231 963 Νέστορος
1254 906 1531 955 Nestorides,
1566 910 1689 949 Πλει·

283 969 443 1021 σθένης
466 967 746 1016 Πλεισθένους
767 940 1093 1015 ’1)1ἰ3ὼεηίᾶεε,
1139 964 1306 1020 Πηλεύς
1335 966 1506 1019 Πηλέως
1538 965 1690 1017 Πηλεί-

289 1027 389 1078 δης,
421 1034 467 1064 et
489 1037 564 1075 per
586 1021 853 1076 synaeresim
872 1038 896 1064 e
928 1034 971 1064 et
990 1022 1007 1063 i
1041 1023 1088 1064 in
1111 1021 1150 1064 ei
1172 1022 1505 1085 diphthongum
1539 1018 1691 1084 profe-

287 1091 396 1122 runt
422 1078 736 1145 penultimam.
797 1081 891 1122 Nos
928 1091 1081 1122 autem
1109 1093 1192 1135 pio
1227 1092 1274 1118 ea
1298 1093 1314 1117 1
1344 1078 1526 1134 longam
1554 1074 1691 1131 poni-

288 1150 412 1185 mus,
458 1146 511 1177 ut
531 1135 742 1193 Virgilius
776 1134 823 1176 in
843 1140 893 1180 V.
914 1137 1092 1177 Pelidae
1119 1145 1220 1175 tunc
1251 1149 1325 1188 ego
1342 1134 1462 1188 forti
1489 1147 1691 1187 congres-

288 1208 387 1234 sum
415 1194 615 1235 Aeneam.
691 1191 882 1234 Ovidius
918 1192 966 1233 in
1007 1195 1039 1234 1.
1070 1192 1519 1247 Metamorphoseon:
1574 1189 1691 1230 Unde

288 1249 581 1290 Promethides
613 1251 807 1303 placidis
844 1250 1122 1303 Epimethida
1163 1250 1310 1289 dictis.
1391 1244 1692 1288 Inveniuntur

290 1316 440 1348 tamen
468 1315 626 1361 poetae
654 1306 703 1346 iu
735 1305 1003 1360 quibusdam
1043 1306 1255 1368 quasdam
1285 1304 1495 1344 addentes
1523 1301 1690 1350 literas,

264 1363 362 1402 ‘vel
390 1360 659 1402 adimentes.
699 1362 937 1410 addentes,
977 1373 1030 1403 ut
1063 1360 1267 1403 Peliades
1297 1374 1376 1416 pro
1404 1358 1604 1407 Pelides,
1644 1369 1692 1400 et

287 1417 690 1461 Chalcodontiades
725 1431 806 1482 pro
839 1416 1244 1466 Chalcodontides,
1291 1414 1564 1459 Atlantiades
1605 1428 1689 1472 pro

288 1472 552 1519 Atlantides.
575 1472 800 1516 Ovidius'
787 1489 836 1515 m
856 1476 891 1518 Ι.
905 1476 1351 1529 Metamorphoseon:
1386 1475 1507 1513 Sedit
1525 1474 1691 1514 Atlan-

293 1531 455 1572 tiades:
484 1529 750 1578 adimentes,
783 1541 833 1572 ut
854 1530 1118 1573 Deucalides
1140 1544 1220 1586 pro
1243 1527 1613 1577 Deucalionides,
1646 1539 1691 1569 et

294 1586 519 1642 Scipiades
539 1600 617 1642 pro
640 1586 937 1642 Scipionides,
970 1598 1026 1636 et,
1048 1597 1099 1628 ut
1113 1601 1240 1641 supra
1261 1585 1466 1635 diximus,
1498 1585 1689 1628 Aenides

292 1657 376 1700 pro
400 1644 637 1686 Aeneades.
682 1643 983 1708 Excipiuntur
1001 1654 1149 1685 tamen
1171 1647 1292 1691 haec,
1317 1657 1430 1698 quae
1450 1654 1604 1684 contra
1626 1657 1692 1684 re·

290 1699 443 1756 gulam
471 1701 733 1765 producunt
749 1699 1019 1756 penultimas
1046 1701 1238 1747 vocales,
1271 1699 1495 1747 Aeolides,
1524 1702 1692 1742 Dema·-

295 1756 372 1797 des
404 1770 483 1811 per
515 1755 782 1809 synaeresim
805 1771 893 1821 pro
924 1757 1192 1804 Demades,
1225 1755 1465 1808 Codrides,
1497 1751 1690 1797 Licoor-

293 1810 443 1869 gides,
476 1811 684 1870 Lagffles,
719 1812 919 1863 Belides,
949 1811 1167 1855 Euerides
1198 1811 1334 1854 etiam
1371 1822 1416 1853 et
1440 1789 1690 1854 Licomedi·

386 1976 913 2057 Moengcias,M0eneciades.
959 1974 1693 2023 Lips.5.Menecias.Menecioy‚1m-

388 2033 494 2055 Πεεῑα
522 2033 560 2055 68

338 2066 457 2103 Locus
475 2066 574 2112 virg
593 2069 683 2103 Aen.
703 2068 768 2102 IX.
790 2069 867 2105 653.
891 2069 922 2112 ἓ.
939 2069 997 2114 37.
1031 2068 1128 2114 virg.
1148 2068 1237 2103 Aen.
1255 2068 1300 2103 V.
1327 2068 1403 2103 808.
1432 2069 1536 2105 ovid„
1557 2070 1586 2104 1.
1605 2071 1690 2105 Me-

385 2095 656 2158 tam.390.1u
678 2115 747 2148 hoc
773 2115 892 2148 Ovidii
917 2115 998 2148 loco
1023 2127 1088 2158 pro
1113 2117 1198 2149 inde
1217 2115 1272 2147 lea
1253 2121 1339 2159 gunt
1358 2116 1453 2149 unde
1473 2115 1576 2153 MSS.
1597 2116 1692 2151 Hei-

386 2159 971 2204 delb.Lips.1.2.Lut11.Er1.1.
1018 2161 1091 2194 Hos
1112 2167 1265 2200 secutus,
1292 2161 1386 2194 unde
1402 2161 1554 2205 reposui.

338 2215 374 2261 §-
392 2217 448 2262 37.
478 2215 658 2250 Demades
683 2228 749 2261 per
777 2217 1003 2260 synaeresin:
1054 2229 1094 2250 ro
1112 2218 1328 2252 Demeades.
1377 2217 1436 2251 sic
1454 2216 1603 2252 Codices
1617 2220 1690 2254 mei

385 2273 523 2303 omneS,
547 2262 651 2295 etiam
664 2260 760 2296 Edd.
775 2262 867 2296 ven.
889 2274 917 2295 1.
936 2270 971 2297 2.
1051 2263 1117 2297 ibri
1134 2262 1293 2306 impressi
1306 2273 1376 2306 pro
1391 2261 1590 2297 Aeoliades
1605 2267 1689 2300 De-

382 2308 544 2341 mades.
599 2307 686 2341 Mox
718 2318 784 2351 pro
808 2308 973 2354 Lagzdes
1002 2306 1118 2369 Codd.
1144 2307 1271 2362 Zqucc
1304 2307 1436 2342 1.Er1.
1464 2319 1494 2344 ι.
1519 2307 1686 2346 Heidelb.

341 2353 630 2444 apidrgi‘cizeesc'os.
675 2399 769 2436 Ante
783 2399 888 2445 apud
900 2398 998 2444 Lips.
1019 2411 1052 2434 2.
1069 2410 1175 2445 quae.

336 2454 375 2499 5.
393 2456 451 2490 38.
477 2455 567 2490 vel
552 2468 593 2491 m
612 2467 658 2489 ne
680 2456 911 2500 productam.
958 2455 1043 2490 cod.
1064 2455 1173 2491 Luth.
1192 2455 1311 2490 omisit
1330 2455 1383 2490 in.
1430 2456 1684 2500 Edd.ven.1.

386 2512 421 2535 2.
445 2500 763 2542 lacunamjaabent,
787 2508 823 2534 et
842 2502 936 2535 inter
954 2513 991 2535 se
1019 2502 1229 2546 discrepant.
1265 2502 1354 2536 Ven.
1384 2513 1412 2539 ι.
1432 2508 1548 2537 totum
1566 2503 1685 2540 locum

389 2546 442 2580 sie
462 2546 565 2591 legit:
590 2546 807 2580 foeminina
825 2558 908 2580 vero
921 2549 1181 2593 patronymica
1195 2547 1284 2582 vel
1269 2559 1311 2581 m
1330 2549 1363 2581 is
1379 2548 1442 2582 vel
1459 2550 1500 2583 in
1516 2561 1561 2584 as
1581 2550 1684 2585 desi-

387 2598 482 2627 nunt
501 2592 564 2626 vol
581 2592 622 2625 in
639 2603 678 2625 es
690 2593 922 2637 productam,
941 2598 982 2626 ut
1001 2594 1210 2627 Priamides
1231 2594 1405 2630 Priamis.
1450 2595 1518 2629 Ed.
1535 2607 1569 2629 2.
1585 2598 1685 2630 Foe-

380 2639 525 2672 mim'na
549 2647 634 2672 veto
650 2639 913 2683 patronymica
937 2637 1031 2673 vel
1017 2651 1057 2672 m
1077 2639 1122 2679 is,
1157 2637 1217 2672 vel
1235 2640 1277 2672 in
1301 2651 1346 2673 as
1370 2641 1544 2675 desinunt
1564 2641 1627 2674 vel
1643 2642 1684 2675 in

384 2694 433 2718 ne
445 2684 674 2730 prodactam
703 2685 754 2717 Ut
771 2685 979 2719 Priamides
1000 2684 1165 2720 Priami-s
1180 2691 1219 2719 et
1235 2684 1302 2719 rel.
1351 2685 1394 2721 In
1414 2685 1526 2722 Codd.
1546 2686 1682 2722 nullum

382 2728 461 2762 talis
478 2727 624 2767 lacunas
641 2728 830 2775 vestigium
846 2730 975 2776 reperi.
