1748 3112
242 248 328 301 248
645 258 771 301 LIB.
802 257 880 300 Vl.
938 255 1079 302 cAP.
1110 257 1247 302 V111.

246 370 404 411 ducier.
461 369 663 413 Lucilius
682 369 734 413 iu
754 373 849 415 1111.
879 373 1059 427 Cumque
1085 373 1158 412 hie
1180 380 1270 413 tam
1284 373 1506 427 formosus
1523 374 1653 416 homo

252 438 306 466 ae
325 436 364 466 te
380 428 536 481 dignus
550 430 730 482 puellus.
789 427 943 471 Livius
961 428 1008 469 in
1029 427 1230 472 Odissia:
1265 431 1429 471 Sancta
1440 446 1548 485 puer
1566 434 1654 472 Sa-

254 487 375 524 turm·
388 486 497 535 filia
525 489 690 539 regina.
750 484 948 529 Naevius
980 484 1031 526 in
1057 488 1111 528 ΙΙ.
1141 485 1246 527 belli
1276 485 1460 530 Punici:
1499 491 1655 529 Prima

254 543 413 580 incedit
446 543 606 583 Cereris
634 546 892 598 Proserpina
927 559 1046 597 puer.
1106 544 1238 584 Varro
1268 543 1314 585 in
1346 541 1501 595 satira,
1541 559 1655 601 quae

256 595 524 640 inscribitur
543 599 698 652 ’Ἄλλος
719 593 840 651 οὗτος
863 598 1102 656 Ἠρακλῆςε
1131 601 1408 655 Gravidaque
1427 611 1562 642 mater
1578 618 1656 656 pe-

185 662 232 698 43
252 658 365 708 perit
387 658 485 695 Jovi
506 660 710 710 puellum.
769 656 905 699 Liber
934 670 1111 712 quoque
1143 656 1366 714 excipitur
1387 656 1516 705 libri,
1548 657 1658 700 fiber

256 710 380 760 fibri,
422 726 532 768 quae
562 713 694 756 etiam
725 712 1046 756 rationabiliter
1073 712 1283 755 videntur
1311 729 1404 755 esse
1435 715 1658 758 secundae

257 767 583 814 declinationis.
643 773 820 813 Habent
850 769 970 811 enim
1003 769 1250 811 foeminina
1279 769 1329 811 in
1359 786 1381 812 a
1405 770 1658 813 desinentia

256 836 476 881 quantum
507 829 563 870 ad
593 842 780 876 vocem,
811 826 1000 868 libraet
1029 825 1159 874 fibra,
1202 827 1404 883 quamvis
1439 842 1530 869 nou
1567 827 1659 869 sint

256 883 461 933 ejusdem
483 881 844 940 significationis,
873 883 991 926 sicut
1009 884 1125 939 apud
1137 884 1325 926 Graecos
1346 899 1523 941 quoque
1543 884 1659 926 mul·

255 947 301 979 ta
331 937 632 983 inveniuntur
660 940 935 990 foeminina,
985 954 1009 981 a
1043 940 1301 982 masculinis
1332 941 1530 983 derivata
1562 954 1657 982 non

257 996 458 1046 ejusdem
487 996 850 1053 significationis,
882 1009 933 1038 ut
951 997 1107 1040 Λάκων
1130 997 1440 1041 Animam-non
1462 997 1659 1039 similem

255 1051 426 1094 habent
453 1052 850 1110 significationem,
882 1054 997 1096 sicut
1028 1053 1191 1110 δράκων
1217 1054 1440 1111 δράκαινα,
1471 1056 1573 1098 λέων
1600 1055 1662 1097 λέ-

257 1116 376 1163 αινα,
408 1112 607 1166 regulam
639 1122 789 1153 tamen
812 1112 1000 1153 eandem
1032 1121 1225 1152 servant.
1285 1114 1400 1152 Item
1431 1108 1661 1167 excipiun-

255 1173 332 1205 tur
361 1167 504 1207 culter
535 1167 695 1216 cultri,
727 1181 886 1210 cancer
917 1165 1088 1215 cancri,
1122 1168 1243 1222 quod
1275 1178 1489 1209 neutrum
1522 1165 1662 1208 etiam

254 1218 503 1272 invenitur,
534 1225 613 1266 sed
644 1226 822 1281 quando
842 1226 1053 1266 morbum
1084 1222 1322 1278 significat.
1381 1222 1593 1266 Claudius
1612 1223 1661 1264 in

253 1279 352 1319 1111.
381 1278 700 1324 Historiarum:
738 1285 794 1321 Ut
810 1283 1012 1329 viderent,
1042 1295 1091 1319 ne
1109 1290 1316 1333 respueret
1338 1284 1575 1321 verminare
1599 1281 1664 1320 ad

255 1336 409 1384 ulceris
425 1339 556 1387 oliva,
571 1342 635 1379 cis
655 1340 771 1392 quod
785 1342 1068 1378 verminatum
1086 1353 1137 1376 ne
1159 1339 1220 1376 acl
1237 1352 1391 1376 cancer
1410 1341 1658 1390 pervenerit.

254 1392 364 1443 Ejus
381 1392 609 1450 genitivus
625 1393 822 1436 canceris
843 1409 937 1436 esse
959 1394 1104 1442 debet,
1124 1403 1175 1434 ut
1196 1392 1313 1434 cicer
1333 1393 1502 1435 ciceris.
1532 1396 1661 1436 Prae·

256 1457 377 1490 terea
410 1452 662 1492 notandum
695 1464 822 1493 socer
850 1449 1017 1497 soceri,
1063 1453 1188 1502 cujus
1218 1449 1520 1491 foemininum
1551 1464 1659 1492 cum

255 1506 506 1548 secundum
524 1506 776 1564 analogiam
798 1510 908 1548 haec
937 1519 1087 1547 socera
1109 1520 1202 1547 esse
1225 1508 1417 1562 deberet,
1450 1509 1560 1548 haec
1578 1521 1658 1547 so-

258 1574 362 1603 crus
385 1562 434 1604 in
466 1578 550 1605 usu
573 1574 651 1606 est.
712 1562 931 1610 Iuvenalis
959 1561 1007 1603 in
1029 1566 1082 1607 11.
1113 1565 1394 1617 Desperanda
1422 1565 1502 1604 tibi
1531 1563 1659 1604 salva

186 1628 235 1665 44.
257 1621 484 1660 concordia
502 1637 639 1662 socru.
698 1618 1004 1663 Vetustissimi
1033 1629 1180 1661 tamen
1204 1620 1502 1662 communiter
1521 1619 1596 1662 hic
1614 1629 1661 1661 et

254 1676 366 1717 haec
390 1690 541 1719 socrus
572 1678 865 1734 proferebant.
925 1674 1070 1718 Attius
1091 1675 1141 1718 in
1163 1679 1319 1719 Atreo:
1353 1679 1497 1717 Simul
1515 1686 1556 1717 et
1575 1680 1662 1717 Pi-

254 1748 360 1773 saea
374 1739 572 1786 praemia
591 1745 762 1790 arrepta
782 1751 810 1774 a
833 1749 956 1773 socru
974 1735 1167 1786 possedit
1186 1749 1276 1775 sao,
1339 1735 1486 1776 Gener
1506 1731 1659 1799 generi

257 1788 541 1833 differentiae
563 1806 705 1842 causa,
737 1805 810 1843 ne,
830 1789 869 1832 si
891 1788 1063 1847 generis
1086 1788 1302 1838 dicamus,
1334 1789 1459 1831 aliud
1481 1789 1659 1846 s1gnifi-

255 1859 356 1888 care
376 1858 573 1902 putetur.
613 1850 730 1906 Aper
748 1846 855 1899 apri,
888 1850 1017 1899 cujus
1039 1845 1340 1888 foemininum
1362 1857 1535 1887 veteres
1555 1859 1655 1902 pro·

255 1903 456 1944 tulerunt
483 1918 611 1960 apra,
657 1916 707 1946 ut
736 1902 911 1945 Plinius
942 1904 1172 1944 Secundus
1205 1902 1252 1943 in
1285 1901 1430 1959 primo
1462 1901 1656 1944 Artium.

256 1959 455 2017 Coltuber
477 1961 611 2003 etiam
635 1962 814 2004 colubra
834 1958 955 2000 facit.
984 1961 1112 1999 Haec
1131 1961 1377 2000 acerarbor
1399 1963 1508 2008 acri,
1543 1956 1657 2000 dicit

253 2014 438 2058 Servius
460 2015 510 2058 in
527 2028 786 2062 commento
801 2014 991 2073 Virgilii,
1006 2029 1112 2059 cum
1124 2017 1299 2060 nullum
1318 2015 1370 2058 in
1383 2030 1431 2058 er
1439 2013 1657 2060 foemini-

297 2215 429 2249 Prima
458 2218 610 2252 incedit.
658 2218 766 2253 MSS.
788 2217 889 2264 Lips.
914 2229 945 2252 2.
970 2216 1109 2252 Dresd.
1131 2215 1287 2250 incedet.

296 2259 335 2304 5.
357 2272 415 2306 43.
441 2266 538 2297 Item
557 2265 753 2308 excipstur.
802 2266 862 2298 Ita
883 2264 1000 2298 Codd.
1023 2263 1160 2307 Vulgo,
1186 2261 1431 2306 excipiuntur.
1479 2275 1483 2278 *

299 2305 476 2341 Claudius
508 2309 558 2342 inv
578 2311 648 2343 IV.
670 2310 773 2344 Hist.
820 2311 1101 2355 Fragmentum,
1129 2307 1231 2354 quod
1261 2306 1445 2352 sequitur,
1476 2305 1518 2339 in
1546 2304 1655 2340 libris

343 2352 458 2387 editis
478 2353 533 2389 ita
552 2354 716 2400 legitur:
752 2362 794 2389 ut
823 2357 967 2390 videret
989 2375 1036 2382 -—
1058 2354 1282 2389 ver-minaret
1317 2352 1434 2387 literis
1453 2351 1655 2392 addivalis,

342 2400 443 2445 quod
461 2402 727 2435 verminatione
746 2402 816 2435 rel.
866 2402 899 2436 E
927 2401 1063 2447 quibus
1083 2399 1207 2434 verbis
1236 2409 1322 2432 cum
1342 2408 1496 2433 sensmn
1515 2397 1657 2432 elicere

343 2445 522 2490 equidem
551 2446 701 2481 nullum
721 2459 897 2493 possem,
923 2446 1097 2482 consului
1119 2445 1248 2479 Celeb.
1275 2444 1538 2478 Godofredum
1556 2444 1656 2478 Her-

341 2501 538 2535 mannum,
565 2492 642 2539 qui,
669 2493 772 2540 quod
801 2493 842 2527 in
864 2506 910 2528 eo
931 2499 990 2527 est
1012 2491 1156 2538 ingenii
1176 2502 1365 2525 summum
1384 2501 1557 2533 acumen,
1582 2495 1656 2524 sta-

341 2536 415 2572 tim
432 2537 542 2581 vidit,
567 2539 758 2585 quomodo
778 2539 985 2585 legendum
1012 2544 1125 2574 esset.
1176 2538 1272 2571 Cum
1294 2537 1396 2571 enim
1418 2535 1577 2571 Codices
1596 2536 1657 2569 ri·

342 2584 528 2626 derent—
537 2586 781 2619 ver-minatum
792 2599 836 2620 ne
853 2586 932 2632 legi
943 2587 1113 2629 jubeant,
1128 2583 1297 2629 ineptam
1309 2590 1438 2618 autem
1448 2581 1656 2617 lectionem

340 2636 384 2673 et
403 2641 558 2676 prorsus
591 2631 793 2667 absurdam
824 2632 943 2667 literis
974 2630 1185 2670 addivalis,
1220 2629 1411 2664 levissima
1427 2633 1576 2663 tantum
1593 2638 1656 2660 va—

342 2675 494 2720 rietate,
527 2676 712 2721 referant,
747 2679 986 2714 Hermannus
1018 2676 1144 2723 gladio
1187 2687 1253 2710 suo
1283 2676 1379 2710 haec
1409 2673 1657 2725 librariorum

343 2730 515 2757 monstra
543 2724 754 2770 jugulavit,
787 2731 826 2759 et
849 2726 1069 2767 conjectura
1097 2722 1401 2767 ingeniosissima
1428 2724 1658 2754 sententiam

346 2768 551 2804 admodum
568 2770 808 2816 probabilem
827 2770 1007 2805 restituit.
1035 2769 1126 2803 Vult
1148 2767 1252 2803 enim
1270 2767 1338 2802 Vir
1356 2777 1535 2809 summus,
1547 2774 1657 2810 prae—
