1748 3112
306 243 390 285 412
681 242 806 285 LIB
836 240 985 282 vlu.-
1034 240 1177 284 CAP.
1206 242 1335 286 xlv,

310 359 391 397 mei
416 355 696 396 miserebitur.
750 356 868 397 Nam
906 367 930 395 a
950 352 1179 401 misereor,
1214 355 1337 419 quod
1369 355 1435 398 αι’
1453 356 1697 410 deponens.

306 427 392 455 nec
416 410 760 454 inchoativum·
747 425 794 451 m
815 424 840 452 o
863 409 1082 459 desinens,
1113 424 1200 453 nec
1230 410 1523 495 impersonale
1553 420 1698 464 poscet

306 467 444 511 nasci.
505 466 616 510 Vivo
657 466 853 516 viviaco,
914 468 1041 509 unde
1074 466 1311 510 revivisco.
1371 466 1614 511 Terentiu-
1646 466 1696 508 in

305 520 504 579 Hecyra:
545 527 625 564 Ille
674 528 891 565 reviviscet
928 539 1155 577 nunquam.
1214 529 1487 590 vesperasco
1518 536 1701 587 quoque

306 583 487 623 videtur
511 579 633 646 quasi
654 595 677 622 a
698 595 883 646 vespero
905 595 1109 645 vesperas
1130 582 1269 623 v'erbo
1289 579 1508 625 derivari.
1534 577 1700 623 Omma

304 650 455 680 tamen
480 652 543 685 ea,
576 637 622 678 id
641 648 706 679 est
727 635 998 685 inchoativa,
1017 639 1236 678 secundae
1247 652 1458 694 personae
1474 633 1698 695 primitivi

305 694 458 737 addita
490 708 540 735 co
565 695 701 743 fiunt,
734 705 786 734 ut
805 695 923 735 labas
947 695 1146 741 labasco,
1187 695 1330 735 ferves
1358 695 1583 743 fervesco,
1612 706 1699 735 cu-

303 752 374 809 pis
396 750 594 806 cupisco‚
626 749 874 792 scisscisco.
934 749 1190 816 Excipitur
1195 750 1393 816 hiohias,
1409 751 1530 807 quod
1554 748 1699 796 hisco,

302 822 396 850 non
419 808 587 856 hiasco‚
610 807 738 855 facit,
773 822 823 847 ex
845 818 934 862 quo
960 793 1190 862 Virgilius
1193 806 1495 864 compositum
1515 801 1705 863 protulit

303 864 352 906 in
375 867 410 909 Ι.
432 863 680 906 Aeneidos:
712 866 947 917 Accipiunt
967 865 1185 903 inimicum
1217 865 1386 904 imbrem
1404 865 1602 917 rimisque
1612 862 1702 916 fa·-

305 926 478 962 tiso—unt.
536 921 660 962 Idem
682 919 742 960 in
760 922 938 961 eodem:
980 922 1047 960 Hi
1074 935 1231 960 summo
1259 925 1306 961 in
1323 922 1472 972 fluctu
1497 921 1696 974 pendent,

302 980 371 1019 his
393 978 509 1018 unda
531 978 751 1021 dehiscens.
810 974 1115 1020 Vetustissimi
1143 986 1291 1018 tamen
1318 975 1502 1018 fatieoor
1534 985 1580 1017 et
1608 975 1703 1019 fes.-

304 1049 379 1077 sus
402 1034 634 1082 dicebant,
680 1048 732 1074 ex
751 1047 842 1089 quo
862 1032 1100 1074 defetiscor
1123 1034 1341 1081 defessus,
1373 1033 1509 1097 quod
1515 1030 1706 1094 quidam

236 1111 287 1146 74
311 1106 334 1133 a
357 1091 499 1132 fateor
519 1105 613 1131 esse
638 1089 890 1131 derivatum
910 1091 1081 1131 volunt.
1140 1092 1219 1150 Est
1237 1090 1371 1131 altera
1375 1087 1562 1155 species
1581 1084 1704 1128 deri-

303 1146 561 1189 vativorum
593 1146 642 1187 in
669 1146 768 1187 urio
788 1145 1021 1196 desinens,
1049 1160 1160 1203 quae
1186 1145 1208 1186 'a
1231 1144 1464 1210 participle
1487 1141 1705 1210 praeteri-

244 1220 259 1243 x
302 1203 341 1246 ti
367 1203 581 1267 temporis
613 1204 728 1244 solet
759 1201 880 1253 fieri,
919 1201 1014 1244 sive
1034 1218 1088 1243 a
1097 1201 1256 1267 supi-no
1285 1201 1335 1243 in
1362 1217 1394 1243 ιι
1414 1200 1699 1248 terminante,

302 1259 609 1324 assumptione
631 1259 719 1326 rio,
751 1270 802 1301 ut
827 1260 970 1300 lectus
1001 1257 1305 1314 participium,
1329 1259 1451 1300 lectu
1466 1254 1706 1321 supinum,

301 1331 357 1359 ex
380 1315 451 1358 his
470 1308 719 1367 lecturio,
728 1331 827 1357 esus
851 1330 928 1357 esu
954 1315 1126 1366 esurio,
1157 1315 1303 1365 mictu
1331 1312 1583 1362 micturio,
1599 1326 1707 1371 par·-

300 1384 357 1414 tu
380 1372 601 1437 parturio,
632 1384 782 1414 amatu
811 1371 1052 1419 amaturio‚
1059 1381 1232 1427 nuptu
1253 1370 1511 1427 nupturis),
1527 1368 1703 1411 dictatu-

306 1427 566 1471 dictaturio.
619 1427 963 1470 Meditationem
992 1438 1145 1469 tamen
1157 1427 1382 1483 significat
1406 1429 1515 1475 haec.
1538 1425 1696 1491 forma,

301 1486 426 1527 unde
446 1496 489 1526 et
507 1483 767 1526 meditativa
779 1484 1050 1532 nominatur,
1081 1495 1126 1524 et
1143 1494 1209 1525 est
1220 1495 1399 1547 quartae
1409 1480 1702 1538 conjugatio-

303 1540 391 1590 nis,
421 1543 649 1606 quomodo
673 1552 716 1582 et
746 1540 1006 1583 inchoativa
1031 1540 1200 1582 tertiae.
1259 1538 1506 1582 Sciendum
1528 1548 1699 1591 tamen,

305 1599 430 1653 quod
451 1597 748 1639 inveniuntur
768 1601 984 1654 quaedam
1008 1595 1203 1661 positiva
1224 1589 1588 1637 inchoativorum
1608 1595 1702 1636 for·-

302 1662 426 1696 mam
456 1654 690 1703 habentia,
741 1668 834 1695 non
867 1665 1018 1694 tamen
1047 1652 1178 1694 etiam
1214 1650 1611 1701 meditativomm,
1650 1661 1703 1692 ut

303 1709 515 1775 quiesco,
560 1725 714 1775 pasco,
757 1723 1021 1774 compesco,
1061 1710 1222 1765 Posco,
1266 1707 1545 1751 disco.'1·:st
1565 1707 1699 1749 altera

304 1765 480 1826 species
501 1766 886 1813 derivativorum'
873 1782 922 1806 ιιι
943 1777 989 1808 to
1008 1767 1080 1807 vel
1093 1780 1149 1814 so
1163 1766 1238 1807 vel
1252 1778 1308 1807 xo
1330 1755 1552 1814 desinens,
1585 1778 1699 1820 quae

303 1821 610 1880 frequentiam
637 1835 760 1867 actus
790 1821 1042 1882 significat,
1059 1810 1262 1880 facitque
1291 1822 1558 1879 plerumque
1571 1834 1631 1863 ex
1652 1834 1700 1863 se

395 1986 481 2020 MS.
503 1985 637 2020 Zwicc.
661 1998 690 2020 1.
713 1991 754 2020 et
774 1985 869 2020 Edd.
891 1987 984 2020 Ven.
1005 1959 1196 2021 omittunt.
1244 1985 1327 2019 Hae
1352 1958 1470 2019 etiam
1495 1988 1567 2028 pro
1588 1983 1700 2017 mise-

318 2051 320 2054 ·
338 2036 343 2038 “
387 2032 537 2066 rebitur
557 2031 736 2066 exhibent
755 2033 957 2075 miseretur,
981 2034 1042 2066 cui
1060 2027 1229 2066 lectioni
1238 2030 1397 2065 Codices
1413 2040 1492 2064 non
1511 2029 1653 2064 favent.

319 2096 321 2100 f
349 2088 419 2112 nec
446 2078 690 2123 impersonale
714 2082 855 2157 gesse!-
905 2078 964 2112 Ita
993 2078 1152 2113 Codices
1181 2077 1315 2111 zwicc.
1346 2075 1459 2110 Luth.
1485 2075 1587 2121 Lips.
1607 2085 1643 2109 ·ι.
1667 2086 1698 2109 3.

316 2141 322 2146 -
378 2124 477 2158 Erl.
505 2136 534 2158 1.
558 2136 590 2158 2.
612 2124 711 2158 Dres
798 2123 935 2168 Vulgo,
955 2127 1093 2170 poten.
1146 2125 1338 2158 Terentius
1358 2123 1398 2156 in
1419 2124 1580 2167 Hecyra.
1607 2121 1698 2155 Act.

403 2171 476 2204 ΙΙΙ.
498 2170 555 2204 Sc.
576 2180 611 2214 5.
633 2182 687 2204 vs
711 2179 764 2215 ι5.

315 2228 546 2272 Excipitur
574 2228 635 2260 hio
652 2227 755 2261 hia-5.
807 2226 920 2272 Quod
946 2226 988 2261 in
1012 2226 1118 2261 libris
1145 2226 1304 2273 vulgatis
1336 2225 1464 2261 deest
1469 2224 1556 2269 laio,
1569 2223 1701 2267 adjeci

397 2271 577 2352 {qqidem
603 2283 626 2306 e
653 2271 764 2307 MSS.
794 2273 908 2308 Luth.
939 2273 1076 2308 Zwiec.·
1096 2285 1128 2308 2.
1156 2273 1294 2308 Dresd.
1316 2273 1395 2307 Erl.
1417 2283 1449 2306 3.
1479 2270 1586 2316 Lips.
1610 2281 1641 2304 ι.
1665 2282 1698 2305 3.

435 2329 454 2350 r
506 2330 520 2351 1

322 2365 457 2410 Virg.
481 2365 521 2397 in
538 2364 688 2398 LAen.
717 2373 871 2408 vs,123.
921 2364 996 2398 Pro
1012 2362 1187 2409 Jathisco
1210 2364 1343 2410 scripsi
1363 2363 1511 2410 fatisco
1538 2365 1702 2400 auctori-

310 2422 328 2427 *
357 2418 366 2433 -’
399 2414 480 2443 tate
513 2408 708 2444 Codicum.

353 2453 521 2499 defessus
545 2454 686 2488 omittit
705 2455 787 2489 MS.
809 2455 942 2489 Zwicc.
963 2468 997 2490 2.
1046 2455 1154 2490 Idem
1181 2466 1270 2491 mox
1285 2467 1355 2502 pro
1374 2458 1453 2491 sive
1471 2455 1621 2492 ext-hbet
1637 2454 1703 2492 vel

403 2506 440 2534 et
461 2500 605 2534 omittit
623 2500 760 2534 deinde
778 2501 831 2535 in.

353 2559 389 2604 §-
411 2565 467 2604 74..
493 2560 563 2592 Est
584 2557 705 2591 altera
723 2559 863 2602 species
884 2560 1168 2594 derivativorum
1185 2561 1225 2593 in
1245 2565 1282 2592 to
1302 2558 1365 2594 vel
1384 2571 1426 2593 so
1437 2559 1506 2594 vel
1521 2559 1701 2596 xo.1²ro

391 2604 554 2649 vulgato
572 2602 652 2636 alia
669 2615 690 2638 e
711 2605 821 2638 MSS.
845 2605 979 2638 Zwicc.
1004 2618 1032 2639 ι.
1055 2619 1086 2639 2.
1108 2605 1219 2640 Luth.
1242 2605 1320 2639 Erl.
1346 2617 1375 2639 1.
1396 2618 1427 2639 2.
1449 2604 1579 2660 recepi
1590 2604 1700 2638 alte-

401 2662 457 2691 ra,
484 2655 523 2683 et
540 2654 628 2682 ante
647 2661 687 2682 so
710 2655 749 2682 et
765 2662 811 2683 xo
832 2650 939 2684 omisi
961 2651 1168 2685 eorundem
1186 2651 1370 2685 Codicum
1388 2652 1491 2694 jussu
1506 2654 1561 2686 in.
1593 2650 1615 2685 ἓ..
1654 2662 1660 2670 ’

356 2703 463 2732 actus
487 2694 690 2740 significat,
703 2693 892 2747 facitque.
940 2697 1063 2742 Vulgo
1085 2697 1303 2750 signficant
1323 2696 1583 2743 faciuneq'ue,
1569 2694 1639 2728 sta
1658 2700 1701 2727 ut

380 2742 475 2777 hae
495 2750 618 2775 voces
635 2740 853 2786 pertineant
868 2742 918 2777 ad
943 2744 1242 2779 derivativorum.
1287 2743 1364 2778 Nos
1382 2743 1491 2778 MSS.
1511 2740 1644 2776 zwicc.
1669 2753 1696 2775 1.
