1748 3112
285 204 339 249 56
728 209 850 249 LIB.
880 207 940 249 11.
992 207 1146 250 'CAR
1178 210 1210 251 Ι

290 323 344 365 ad
365 320 507 387 ipsam
526 317 648 362 vocis
668 318 1008 385 prolationem,
997 336 1042 361 m
1069 319 1329 376 compositis
1354 321 1538 386 quoque
1548 319 1667 363 sin-

289 377 478 435 plicmm
511 375 744 439 regulam
732 390 789 418 m
812 376 1071 419 ordinandis
1102 377 1391 430 syllabarumx
1385 374 1554 419 literis
1562 391 1668 442 ser.-

291 448 409 477 vare.
469 431 694 484 objicitur
721 442 868 476 tamen
898 433 1006 475 huic
1033 433 1166 481 illud,
1196 436 1335 499 qu'od
1363 443 1670 499 oproetsmrgo

293 489 474 538 oblitus,
508 491 693 537 oblatus,
726 489 880 537 obruo,
912 490 1073 531 abrado
1105 501 1148 531 et
1175 489 1352 537 similia,
1385 489 1426 531 si
1448 491 1488 532 b
1503 487 1670 532 'tx-ansis

251 561 255 569 ·
293 545 344 588 in
365 546 605 588 secundam
626 546 832 598 syllabam
851 560 973 588 more
990 545 1265 610 simplicium
1287 545 1566 594 dictionum.
1578 544 1668 601 pri-

295 616 415 645 mam
435 615 720 644 communem
741 601 933 665 habere
921 617 969 643 ιιι
989 601 1155 650 metris,
1187 614 1239 644 ut
1257 602 1402 658 possit
1407 600 1558 654 etiam
1570 613 1669 655 cor-

296 658 407 724 ripi3
440 660 515 699 sed
533 660 621 700 hoc
638 670 856 722 nusquam
875 658 957 700 inv
960 656 1119 700 enitur.
1178 661 1404 701 Praeterea
1430 657 1671 709 circumeo,

299 714 576 779 circumage,
617 724 662 755 et
685 712 849 756 similia
883 729 974 755 non
1003 725 1261 779 paterentur
1288 713 1522 757 elisionem
1550 711 1674 756 min

297 769 687 836 pronuntiatione,
719 770 755 811 si
786 770 988 812 transiret
1018 770 1067 812 in
1088 781 1342 827 sequentem
1371 785 1390 811 s
1392 771 1596 825 yllaba‘n
1607 783 1675 812 ms

297 842 380 869 nec
399 826 448 868 in
466 825 694 890 prohibeo,
727 827 928 874 exhibeo,
959 826 1234 877 inhumatus,
1265 828 1441 876 anhelo,
1472 825 1674 891 inhibeo,

299 885 460 930 adhuc,
489 881 664 930 abhinc,
686 894 730 924 et
752 883 974 925 similibus
999 886 1218 926 secundae
1236 885 1439 938 syl-labae
1434 882 1676 939 principa-

298 939 352 982 lis
366 938 639 1004 aspiraretur
659 939 852 992 vocalis,
883 938 921 981 si
943 938 1185 982 terminalis
1217 953 1464 982 consonans
1496 953 1674 1002 praepo·

298 994 477 1038 sitionis
498 994 547 1036 in
569 1009 663 1039 eam
683 995 898 1043 transiret,
931 1010 1018 1050 quo
1039 995 1208 1038 modo'
1194 1011 1242 1036 m
1262 995 1366 1037 istic
1387 994 1525 1041 istaec
1539 993 1677 1039 istucs

300 1050 349 1096 Si
380 1049 429 1092 in
458 1049 604 1092 media
635 1051 834 1095 dictione
861 1054 1021 1106 syllaba
1055 1066 1077 1093 a
1105 1051 1251 1094 vocali
1283 1049 1470 1106 incipit,
1498 1064 1676 1092 necesse

301 1117 367 1150 est
387 1108 723 1149 antecedentem
747 1122 940 1172 quoque,
975 1107 1062 1148 nisi
1094 1108 1155 1149 sit
1173 1107 1437 1162 composita,
1467 1105 1516 1147 in
1531 1120 1676 1148 voca-

299 1165 391 1205 lem
417 1162 660 1211 terminari,
694 1175 743 1205 ut
763 1164 916 1219 pietas,
949 1162 1141 1211 curialis,
1174 1179 1325 1228 pareo,
1352 1177 1420 1211 eo,
1441 1176 1563 1211 ruo,
1578 1177 1676 1204 mu·

302 1218 398 1262 nio.
457 1222 536 1261 Est
568 1229 715 1261 tamen
735 1223 911 1275 quando
947 1220 996 1262 in
1015 1219 1274 1284 compositis
1305 1218 1437 1260 etiam
1461 1217 1676 1261 subtrahi·

256 1273 278 1307 4
305 1286 379 1317 tur
394 1289 665 1341 consonans.
695 1287 745 1317 ut
765 1291 870 1318 coeo
895 1276 1003 1320 cois.
1061 1275 1332 1340 Principales
1355 1276 1557 1338 syllabae,
1590 1278 1678 1318 hoc

303 1342 383 1377 est
391 1331 440 1372 in
458 1329 682 1395 principio
701 1331 951 1374 dictionum
978 1331 1159 1395 positae,
1192 1334 1244 1372 ab
1267 1329 1514 1373 omnibus·
1490 1330 1676 1387 incipe-

302 1402 350 1430 re
371 1386 529 1434 literis,
563 1385 762 1429 desinere
783 1399 928 1430 tamen
950 1402 1041 1430 non
1060 1403 1110 1429 m
1127 1402 1280 1430 omnes
1302 1398 1503 1443 possunt,
1528 1388 1641 1429 sed
1626 1403 1680 1429 mr

303 1446 397 1506 has.
455 1444 632 1498 Vocales
655 1443 832 1499 quidem
864 1459 1038 1492 omnes,
1071 1459 1094 1486 a
1116 1458 1383 1501 quacunque
1404 1455 1679 1487 consonante

302 1497 507 1563 incipiat
513 1512 699 1554 sequens
720 1502 895 1554 syllaba,
927 1513 977 1542 ut
998 1515 1131 1549 mare,
1161 1514 1310 1555 genus,
1342 1498 1472 1548 filius,
1503 1511 1675 1548 votum,

303 1555 461 1603 ludus;
472 1553 542 1595 in
565 1567 855 1599 consonantes
879 1571 1008 1604 vero.
1042 1557 1077 1597 si
1095 1571 1279 1611 sequens
1304 1558 1469 1609 syllaba
1489 1571 1525 1598 a
1530 1557 1677 1599 vocali

304 1609 508 1675 incipiat,
539 1625 631 1652 non
652 1625 836 1667 possunt
858 1612 1070 1660 desinere,
1095 1612 1193 1660 nisi,
1225 1612 1341 1655 sicut
1359 1627 1487 1677 supra
1507 1612 1678 1667 dictum

307 1676 383 1713 est,
408 1666 454 1707 in
481 1665 766 1720 dictionibus,
798 1684 910 1726 quae
939 1685 989 1710 ex
1001 1668 1410 1734 praepositionibus
1441 1683 1678 1737 ¹¹¹,1201280-

306 1734 460 1764 nantes
499 1722 801 1767 desinentibus
842 1727 912 1766 vel
957 1725 1052 1767 aliis
1096 1724 1291 1781 partibus
1330 1723 1545 1767 orationis
1578 1726 1676 1769 sint

351 1874 383 1918 §.
403 1876 435 1910 3.
462 1875 616 1909 oblatus.
649 1875 775 1954 an{‹:o‚
802 1877 961 1911 ablatus.
994 1877 1052 1911 Sic
1073 1884 1108 1910 et
1125 1877 1216 1910 Dres
1219 1876 1252 1909 d.
1300 1875 1393 1909 Illud
1409 1874 1538 1911 habent
1551 1876 1624 1912 Erl.
1646 1890 1678 1911 1.

390 1920 542 1999 ablLips.
567 1933 595 1954 1.
613 1932 645 1955 2.
665 1921 697 1956 3.
748 1922 844 1957 wicc.
865 1935 896 1957 2.
915 1919 1003 1957 Edd.
1022 1923 1110 1958 Ven.
1134 1935 1162 1956 ι.
1181 1933 1214 1956 2.
1241 1922 1310 1956 Pro
1330 1920 1477 1955 oblatus
1491 1914 1627 1958 Zwicc.
1646 1937 1678 1960 ι.

395 1978 415 1998 0
456 1978 495 1999 ec
514 1977 567 1999 us·

349 2033 422 2057 non
436 2018 654 2068 paterentur
670 2022 855 2058 elisionem
872 2038 906 2058 m
929 2026 967 2058 in
978 2025 1298 2070 pronunciatione.
1335 2024 1408 2058 Erl.
1428 2036 1463 2058 2.
1477 2024 1610 2063 omittit
1628 2034 1675 2061 m:

394 2069 490 2112 Lips
507 2070 541 2104 3.
554 2074 773 2114 paterentur
795 2070 1040 2110 absczsionem.

349 2124 434 2159 istic
462 2125 576 2159 istaec
602 2125 708 2159 istuc.
744 2125 883 2170 Vulgo,
917 2127 1022 2160 istac.
1069 2130 1172 2161 Istuc
1197 2111 1328 2161 habent
1358 2127 1459 2162 MSS.
1487 2111 1613 2163 Zwicc.
1644 2142 1674 2164 ι.

393 2169 552 2205 Heidelb.
578 2170 673 2215 Lips.
704 2183 732 2204 ι.
749 2183 782 2206 2.
807 2174 839 2206 5.
866 2172 972 2206 Luth
1001 2172 1077 2208 MS.
1101 2173 1226 2207 Dresd.
1261 2173 1388 2207 Zuicc.
1416 2185 1449 2206 2.
1473 2174 1574 2208 istic
1583 2176 1678 2209 istoc

392 2217 498 2248 istuc.
532 2215 604 2250 Erl.
627 2228 661 2250 2.
688 2217 782 2250 istac
805 2218 890 2250 istic
914 2218 1016 2251 istuc.
1062 2217 1159 2262 Lips.
1171 2219 1210 2252 3.
1229 2217 1325 2251 addit
1348 2216 1491 2253 ratione
1508 2212 1674 2267 efflems-
1710 2230 1717 2236 '

300 2257 304 2262 ⁴
342 2283 468 2317 pareo,
483 2283 535 2309 eo.
566 2272 745 2309 SicCodd.
759 2274 884 2308 Dresd.
901 2274 1154 2308 Zwicc.1.uth.
1172 2275 1246 2310 Erl.
1269 2286 1298 2307 1.
1317 2274 1414 2318 Lips-
1433 2285 1599 2319 κρυ-σο,
1620 2287 1675 2310 eo.

383 2316 588 2398 gungesslg.
607 2319 828 2354 consentiunt
844 2319 934 2353 Edd.
954 2318 1042 2355 ven.
1066 2331 1095 2355 1.
1113 2331 1145 2355 2.
1165 2320 1247 2355 Ald-
1268 2320 1370 2354 MSS.
1385 2319 1485 2364 Lips.
1503 2321 1618 2355 1.Er1.
1637 2333 1675 2357 2.

331 2375 341 2383 -
427 2373 459 2396 οι

301 2417 386 2462 9
400 2419 433 2452 4.
452 2419 567 2452 sedin
585 2419 672 2453 bas.-
695 2421 846 2455 Vocales
863 2423 1003 2467 quidem
1019 2434 1151 2456 omnes.
1175 2421 1302 2466 Vulgo,
1314 2423 1406 2455 Qved
1392 2434 1431 2455 ιη
1443 2423 1524 2457 lias.
1553 2427 1674 2460 Voca-

396 2462 450 2497 Ies
480 2466 618 2508 quidem
642 2477 774 2501 omnes,
821 2466 960 2508 Lectio,
985 2475 1148 2520 quantum
1173 2478 1237 2518 ego
1266 2467 1403 2511 quidem
1419 2468 1574 2510 judione·
1585 2482 1674 2514 pos-

372 2519 488 2551 -sum,
510 2519 631 2553 parum
646 2517 737 2554 apta.
785 2511 894 2553 Major
909 2520 1002 2546 certe
1018 2511 1251 2564 interpunctio
1270 2519 1349 2555 post
1370 2513 1438 2546 Ιιαε
1453 2514 1552 2549 ιιιιΠο
1567 2515 1673 2551 uodo

328 2587 330 2592 ,
395 2554 576 2588 commoda
603 2562 668 2592 est.
714 2557 824 2590 Recte
858 2557 963 2600 igitur
983 2557 1121 2591 sustulit
1150 2569 1225 2591 eam
1253 2557 1365 2591 editor
1391 2559 1570 2594 Venetuu
1602 2559 1674 2594 sed

393 2606 476 2634 tum
483 2599 568 2634 illud
585 2599 659 2637 has.
670 2603 832 2637 abundat.
881 2602 980 2637 Cod.
986 2602 1114 2640 Dresd
1129 2610 1210 2639 ante
1233 2603 1300 2636 sed
1315 2609 1480 2646 punctum
1496 2604 1613 2646 habet,
1637 2613 1673 2639 et

357 2675 359 2677 .
393 2652 477 2679 ante
500 2643 645 2680 vocales
674 2647 884 2690 praepositio
910 2649 951 2682 in
978 2659 1080 2692 supra
1105 2649 1232 2691 scripta
1261 2656 1331 2688 est,
1368 2649 1513 2684 sortasse
1539 2649 1582 2683 ab
1606 2649 1675 2683 alia

394 2701 507 2725 manu.
546 2690 630 2726 Eri.
650 2703 683 2727 2.
702 2694 769 2727 sed
795 2694 836 2727 in
864 2693 945 2728 has.
984 2697 1032 2728 In
1054 2693 1212 2728 vocales
1259 2693 1345 2727 Cum
1376 2706 1457 2728 vero
1480 2695 1673 2730 Priscianus
