1748 3112
260 254 343 299 252
646 256 772 298 LIB·
801 256 879 298 VI.
939 256 1082 300 CAP.
1111 258 1192 302 IX.
1217 261 1271 301 X.

264 374 312 412 in
330 371 456 412 nubes
476 370 696 411 nidoribus
716 371 844 411 ardor
863 371 1018 414 adoris
1064 370 1301 436 Excipitur
1320 372 1452 417 etiam
1463 375 1558 417 'hoc
1577 387 1658 421 cor

185 434 234 481 50
262 427 423 477 cordis,
457 428 580 484 quod
608 425 795 469 assumit
823 426 883 470 d'
869 441 917 469 ιιι
946 426 1161 494 genitivo.
1223 432 1282 472 Ut
1301 429 1493 472 breviter
1520 430 1659 490 igitur

261 500 393 543 supra
413 485 576 526 dictam
600 483 858 541 colligamus
880 486 1102 542 regulam.
1134 484 1182 527 in
1203 500 1253 528 or
1274 486 1521 530 desinentia
1540 502 1657 531 neu-

261 553 328 584 tra
343 540 501 586 Latina
524 552 568 583 et
578 544 759 592 Graeca,
793 550 836 582 et
855 556 1141 607 quaecunque
1165 543 1426 586 ‘derivantur
1445 546 1517 587 vel
1537 559 1658 588 com-

259 610 497 666 ponuntur
521 613 545 639 a
573 597 822 664 primitivis
859 598 1159 664 penultimam
1193 600 1568 664 corripientibus,
1608 615 1659 644 ea

262 655 452 712 genitivi
472 653 772 712 penultimam
793 655 1083 712 corripiunt,
1096 668 1265 698 caetera
1277 654 1568 723 producunt,
1580 673 1661 700 ex-

194 719 232 754 X
264 713 427 777 ceptis
431 726 510 754 cor
527 723 571 754 et
590 713 710 754 ador.
770 715 821 754 ln
841 728 896 754 ur
922 715 1232 780 cujuscunque
1252 714 1344 756 sint
1362 715 1552 782 generis,
1585 727 1661 758 ac-

182 776 229 810 51-
262 780 391 826 cepta
413 768 451 812 is
467 768 643 812 faciunt
672 767 943 826 genitivum,
976 780 1027 810 ut
1044 769 1118 812 hic
1139 772 1295 812 vultur
1316 771 1524 820 vulturis,
1557 783 1660 813 tur-

257 838 333 868 tur
355 824 566 874 turturis‚
598 827 687 868 hoc
713 827 903 881 sulphur
932 827 1066 891 hujus
1097 827 1351 883 sulphuris,
1383 827 1462 871 hic
1486 839 1530 870 et
1550 831 1663 871 haec

257 885 332 925 fur
351 885 485 936 hujus
505 881 631 924 furis.
691 882 930 939 Excipitur
950 880 1027 924 hic
1049 894 1172 926 satur
1193 886 1325 937 hujus
1343 885 1505 933 saturi3
1538 887 1662 927 unde

257 944 491 983 Lucanus.
536 941 740 980 Saturam
767 949 908 980 tamen
935 941 1098 980 obsidet
1113 943 1287 990 hostem,
1319 943 1443 996 quod
1459 940 1565 983 ide'o
1587 952 1658 983 est

256 998 480 1039 secundae
505 995 846 1045 declinationis,
879 995 984 1052 quia
1019 996 1128 1039 facit
1151 997 1491 1040 foemininum*
1476 1012 1523 1038 m
1543 1012 1566 1038 a
1587 999 1659 1039 de-

257 1053 436 1102 sinens,
468 1052 516 1094 id
549 1064 614 1094 est
642 1055 752 1094 haec
781 1064 942 1095 satura.
1002 1052 1244 1096 Terentius
1279 1051 1328 1095 in
1352 1056 1550 1109 Hecyra.
1582 1054 1669 1096 Sed

256 1127 352 1151 oum
383 1121 431 1150 tu
452 1121 606 1151 satura
633 1120 763 1163 atque
777 1112 893 1150 ebria
911 1113 1010 1158 eris,
1035 1125 1142 1163 puer
1161 1120 1207 1149 ut
1234 1121 1360 1151 satur
1382 1115 1455 1163 sit,
1481 1111 1663 1165 facito.

258 1169 383 1224 quod
416 1181 439 1208 a
463 1168 613 1210 Probo
645 1166 1033 1231 praetermissum,
1066 1165 1325 1209 doctissime
1354 1166 1549 1210 attendit
1579 1179 1662 1208 no-

256 1235 347 1266 ster
373 1234 636 1290 praeceptor
668 1223 954 1288 Theotistus,
1010 1221 1158 1264 omnis
1189 1224 1494 1290 eloquentiae
1507 1224 1659 1272 decus,

257 1280 333 1323 cui
355 1279 586 1348 quicquid
619 1280 668 1321 in
697 1295 772 1322 me
805 1279 866 1321 sit
896 1279 1126 1321 doctrinae
1155 1291 1257 1334 post
1287 1284 1434 1322 Deum
1462 1279 1658 1336 imputo.

182 1354 231 1390 52
257 1336 561 1394 Excipiuntur
590 1336 729 1379 etiam
758 1335 808 1378 in
838 1335 1012 1377 neutris
1048 1339 1173 1383 haec,
1207 1351 1317 1392 quae
1344 1351 1425 1393 pro
1458 1353 1490 1378 u
1514 1351 1540 1378 o
1565 1349 1660 1378 cor-

229 1422 233 1427 ·
254 1406 429 1460 reptam
450 1395 618 1436 habent
643 1407 730 1459 per
751 1391 959 1448 obliquos
990 1407 1139 1440 casus,
1183 1403 1232 1433 ut
1254 1395 1343 1435 hoc
1362 1396 1501 1436 robur
1521 1395 1658 1445 hujus

253 1450 442 1499 roboris,
477 1452 588 1492 ebur
608 1449 767 1499 eboris,
801 1450 948 1490 femur
966 1448 1160 1490 femoris.
1221 1450 1456 1492 Horatius:
1486 1453 1658 1498 Femur,

258 1509 478 1556 Cerintho,
519 1517 653 1549 tuum.
713 1504 930 1562 Virgilius
961 1504 1010 1546 in
1041 1508 1090 1547 X.
1128 1507 1258 1546 Ocius
1286 1522 1424 1547 ensem
1458 1508 1657 1556 Aeneas,

252 1569 349 1608 viso
358 1563 578 1618 Tyrrheni
596 1567 806 1618 sangnine
826 1565 978 1611 laetus,
995 1566 1123 1615 eripit
1143 1564 1363 1617 afemore
1393 1563 1575 1606 Dicitur
1594 1574 1657 1604 ta-

251 1628 358 1663 men
392 1633 436 1663 et
455 1623 542 1662 hoc
570 1621 721 1662 femen
753 1617 960 1667 feminis,
993 1624 1119 1670 cujus
1140 1618 1453 1663 nominativus
1485 1634 1586 1662 raro
1606 1619 1658 1663 in

251 1693 341 1720 usu
367 1689 446 1720 est.
505 1681 636 1719 Jecur
661 1675 822 1744 jecoris
851 1676 924 1716 vel
961 1674 1197 1729 jocineris,
1230 1677 1310 1731 qui
1341 1675 1568 1734 genitivus
1587 1676 1657 1719 vi-

253 1730 385 1778 detur
405 1749 429 1775 a
449 1733 737 1776 nominativo
766 1731 945 1785 jocinus
965 1732 1134 1780 venire,
1169 1733 1249 1789 qui
1272 1732 1322 1774 in
1350 1747 1437 1775 usu
1458 1747 1551 1775 non
1574 1745 1654 1779 est.

251 1790 456 1836 Persius·
487 1794 545 1832 Et
567 1807 675 1845 quae
696 1793 821 1830 semel
831 1794 948 1829 intus
966 1793 1122 1829 innata
1142 1799 1220 1838 est,
1236 1794 1524 1844 ruptojeoore,
1541 1794 1653 1831 exie-

253 1853 315 1889 rit
334 1850 575 1902 caprficus.
637 1851 690 1890 In
719 1861 763 1887 as
793 1844 1042 1887 desinentia
1060 1844 1219 1887 Latina
1248 1845 1489 1888 masculini
1519 1861 1652 1904 gene·

251 1905 315 1947 ris
344 1916 469 1954 sunt,
501 1905 573 1946 vel
606 1901 874 1953 foeminini,
901 1904 975 1943 vel
1010 1902 1294 1950 communis,
1326 1913 1371 1944 et
1395 1904 1539 1945 ablata
1563 1918 1583 1945 s
1608 1916 1654 1947 et

252 1961 407 2003 addita
442 1961 498 2003 tis
528 1960 702 2002 faciunt
738 1958 1012 2024 genitivum,
1062 1970 1114 2000 ut
1143 1958 1220 2000 hic
1248 1962 1481 2002 Maecenas
1519 1961 1666 2014 hujus,

251 2015 553 2066 Maecenatis,
585 2009 696 2059 haec
724 2016 883 2058 civitas
911 2014 1126 2064 civitatis,
1156 2015 1231 2058 hic
1259 2027 1303 2057 et
1331 2019 1441 2059 haec
1461 2016 1651 2081 Arpinas

252 2074 496 2133 Arpinatis.
554 2073 860 2132 Excipiuntur
886 2074 1209 2126 monosyllaba,
1239 2071 1316 2116 hic
1343 2087 1389 2115 as
1406 2088 1531 2124 assis,
1561 2077 1652 2118 hoe

298 2264 334 2309 §-
357 2274 413 2308 5²·
440 2266 488 2298 In
505 2275 548 2298 w·
567 2264 826 2308 cujuscunque.
875 2263 936 2297 Ita
956 2261 1074 2297 Godd.
1094 2262 1231 2307 Vulgo,
1255 2262 1297 2295 in
1317 2271 1360 2295 ur
1375 2251 1600 2298 aestuantia.

305 2332 495 2369 Terentius
513 2332 554 2365 in
579 2334 741 2375 Hecyra.
789 2331 870 2365 Act.
891 2331 935 2364 V.
957 2330 1014 2364 Sc.
1038 2340 1072 2365 2.
1095 2343 1145 2365 vs.
1169 2342 1201 2365 2.

294 2401 464 2436 attendit
491 2406 616 2434 noster
638 2405 869 2445 praeceptor.
916 2399 1029 2433 Hunc
1063 2400 1268 2434 verborum
1293 2399 1467 2435 ordinem
1493 2405 1651 2435 tuentur

346 2446 518 2482 Codices.
544 2446 681 2492 Vulgo,
686 2451 905 2499 praeceptor
924 2451 1048 2479 noster
1069 2447 1242 2481 attendit.
1267 2446 1488 2481 Theoti-etus.
1513 2444 1647 2480 Zwicc.

346 2493 628 2529 1.leeustitus.
666 2490 1226 2538 Lips.1.Luth.leeoctistus.
1260 2492 1396 2527 Dresd.
1424 2493 1651 2528 Themis-tus·

342 2539 446 2586 Lips.
470 2551 501 2575 2.
527 2538 751 2575 Theutistus.
784 2537 864 2572 Erl.
888 2550 920 2573 2.
946 2537 1191 2573 Theotlzistus.
1230 2539 1406 2574 Heidffelh
1428 2539 1649 2574 Theotistue.

299 2611 334 2655 ἒ.
356 2619 413 2654 52.
441 2613 696 2654 0’c0rreptam.
742 2605 839 2641 Edd.
861 2612 1074 2653 correptum.
1123 2607 1227 2642 Illud
1245 2608 1355 2643 MSS.

299 2679 491 2714 Horatius.
527 2677 602 2711 Sat.
624 2677 654 2711 1.
673 2685 708 2714 2.
729 2680 786 2714 81.
836 2673 979 2719 Femur,
1003 2675 1187 2719 Cerinthe,
1210 2683 1323 2712 tuum.
1370 2676 1444 2711 Vul
1473 2687 1509 2720 o,
1533 2687 1555 2710 0
1578 2676 1649 2709 ce-

347 2724 480 2758 rinthe.
529 2723 713 2757 Ricardus
743 2725 819 2765 jam
845 2722 1044 2766 Bentlejus
1068 2723 1115 2757 ad
1142 2724 1291 2758 Horatii
1310 2724 1438 2757 locum
1470 2719 1648 2756 nudatum

348 2770 510 2814 notavit,
535 2780 576 2805 se
602 2768 644 2802 in
672 2769 893 2804 membrana
911 2768 1027 2804 Prisc.
1046 2769 1236 2816 reperisse
1258 2769 1368 2812 hauc,
1398 2779 1511 2815 quam
1542 2777 1649 2802 rece
