1748 3112
268 188 323 235 86
673 193 798 236 LIB.
827 194 890 236 11.
950 192 1091 237 CAP.
1122 194 1258 237 vul.

271 307 397 358 dum,
423 308 546 363 quod
569 321 633 355 ea,
664 305 713 348 id
737 316 803 348 est
830 304 878 348 in
905 320 985 349 cus
1019 304 1284 356 desinentia,
1316 304 1356 350 si
1376 321 1402 351 a
1422 305 1669 365 primitivis

268 365 465 406 habeant
483 378 519 411 c,
552 378 677 420 pares
708 361 800 405 illis
822 364 1005 417 syllabas
1038 365 1229 412 habent,
1262 374 1316 407 ut
1348 365 1526 407 Ithacae
1544 366 1668 407 Itha-

269 434 363 462 cus.
423 419 517 462 Alia
550 434 659 461 vero
691 419 842 462 emnia
876 434 899 460 a
931 421 999 461 vel
1031 417 1047 461 i
1075 432 1178 463 ante
1204 435 1282 462 cus
1303 419 1538 469 habentia,
1569 419 1668 463 sive

268 475 363 519 sint
383 491 407 518 a
428 476 711 519 nominativo
740 491 818 519 seu
838 491 860 518 a
882 475 1084 531 genitivo
1122 476 1344 525 derivata,
1390 490 1480 520 uua
1499 478 1670 532 syllaba

270 533 461 575 vincunt
491 549 562 582 ea,
595 549 646 575 ex
675 533 837 590 quibus
873 532 1134 575 derivantur
1162 533 1418 589 primitiva:
1450 543 1494 576 et
1514 532 1552 575 si
1570 531 1672 590 pri-

270 589 433 634 mitiva
462 588 533 631 illa
555 589 790 631 habuerint
811 589 827 630 i
847 590 1159 646 penultimam,
1176 593 1284 632 haec
1298 600 1531 633 assumunt
1551 604 1575 632 a
1589 608 1601 632 ι
1630 588 1671 632 si

272 660 300 688 ο
321 645 578 695 habuerint,
604 657 713 689 tunc
734 649 845 688 haec
863 646 878 687 i
904 648 1069 688 habent
1090 658 1193 688 ante
1211 662 1303 690 cus.
1345 651 1402 690 Et
1420 645 1672 700 sciendum,

271 703 396 759 quod
426 716 518 744 non
549 704 696 746 solum
725 717 747 743 a
780 701 1053 759 primitivis,
1086 705 1165 745 sed
1196 702 1332 745 etiam
1359 718 1383 745 a
1408 701 1671 746 derivativis

273 758 536 801 derivantur
562 758 876 813 hujuscemodi
907 758 1154 816 possessiva
1183 760 1392 808 nomina,
1445 770 1496 802 ut
1526 761 1672 802 Troo·

272 813 485 864 Troicus,
515 828 784 874 grammatos
813 816 1145 871 grammaticus,
1179 819 1381 858 rhetoros
1409 815 1671 864 rhetoricus,

272 871 421 917 Persis
449 873 668 916 Persicus.
704 872 863 914 Asiatis
895 871 1131 920 Asiaticus,
1165 874 1295 916 Creta
1326 872 1546 920 creticus,
1577 870 1674 914 Afri

270 926 607 976 Africus‚ltalus
629 928 822 973 Italicus.
853 932 964 971 Nam
987 928 1328 972 Italialtaliacus
1341 928 1497 971 debuit
1516 929 1674 976 facere,

275 983 471 1041 Cyprius
491 984 750 1042 Cypriacus.
814 989 928 1029 Nam
946 988 1119 1042 Cyprus
1140 986 1358 1042 Cypricus
1379 985 1506 1029 facit.
1554 985 1675 1027 Ilion

274 1040 461 1090 Iliacus,
495 1042 645 1085 cardia
676 1043 926 1090 cardiacus,
959 1044 1100 1084 mulio
1127 1041 1347 1084 mulionis
1378 1040 1673 1084 mulionicus.

205 1104 252 1142 44
276 1097 435 1140 Cicero
449 1113 532 1154 pro
546 1099 714 1142 Sestio:
736 1102 1016 1140 mulionicam
1029 1102 1240 1153 penulam.
1272 1103 1322 1141 In
1343 1114 1393 1140 ue
1405 1112 1585 1155 quoque
1595 1111 1676 1154 pu·

275 1168 372 1197 ram
393 1154 606 1198 desinunt
620 1155 872 1212 possessiva
892 1165 984 1196 tam
1005 1170 1157 1211 graeca
1179 1169 1312 1212 quam
1333 1154 1487 1202 latina,
1501 1165 1676 1197 antece-

268 1212 410 1252 dente
439 1226 462 1252 e
494 1223 695 1268 correpta
728 1223 771 1253 et
802 1227 824 1252 e
854 1214 1092 1267 producta;
1139 1211 1154 1253 i
1185 1223 1412 1268 correpta3
1452 1225 1480 1252 o
1509 1211 1679 1268 produ-

276 1277 369 1315 cta;
403 1281 454 1308 ae
481 1269 553 1310 vel
585 1283 640 1310 oe
674 1268 978 1325 diphthongo;
1013 1284 1034 1309 e
1056 1267 1196 1316 brevi,
1234 1279 1283 1309 ut
1300 1271 1554 1316 Caesareus,
1587 1269 1678 1309 Ro-

275 1325 478 1377 muleus,
516 1324 705 1376 ferreus,
746 1340 928 1372 aureus,
961 1336 1216 1379 argenteus,
1258 1323 1455 1372 vitreus,
1486 1322 1678 1380 ligneus.

275 1394 578 1430 marmoreus;
611 1381 804 1437 iligneus
837 1391 986 1422 tamen
1010 1392 1053 1421 et
1084 1379 1238 1421 iliceus
1263 1380 1444 1422 dicitur.
1504 1383 1682 1422 Teren-

277 1434 370 1477 tius
403 1434 452 1477 in
475 1436 711 1493 Adelphis:
750 1440 953 1479 Lectulos
976 1439 1150 1490 iligneis
1169 1439 1362 1491 pedibus.
1423 1434 1592 1479 Statius
1627 1434 1680 1486 in

277 1501 403 1534 sexto
459 1495 626 1536 Theba.
665 1495 850 1548 Orniqae
905 1497 1134 1547 iliceaeque
1190 1495 1328 1535 trahes
1377 1494 1680 1546 metuendaque

278 1564 406 1589 succo
437 1559 580 1594 taxus.
640 1553 943 1599 Marmoreus,
985 1562 1028 1591 et
1058 1552 1150 1592 fere
1174 1550 1325 1592 omnia
1357 1551 1412 1592 ad
1445 1547 1682 1590 materiam

277 1603 574 1662 pertinentia,
607 1621 630 1648 e
651 1609 835 1648 brevem
866 1617 967 1648 ante
995 1622 1046 1648 us
1077 1609 1264 1655 habent,
1297 1607 1555 1663 plumbeae,
1588 1614 1682 1646 sta-

278 1676 436 1719 gneus.
481 1662 785 1707 Inveniuntur
804 1662 930 1706 enim
948 1677 1087 1720 pauca
1110 1662 1206 1706 sine
1228 1678 1266 1714 e,
1299 1674 1350 1706 ut
1368 1675 1577 1721 quernus,
1608 1674 1682 1704 co·

327 1824 362 1871 S.
383 1824 452 1879 43..
476 1828 575 1873 quod
595 1838 653 1869 ea,
679 1827 720 1862 id
742 1833 800 1862 est
818 1828 858 1861 in
877 1838 941 1862 cus
961 1826 1185 1861 desinentia.
1230 1825 1341 1861 MSS.
1363 1824 1467 1871 Lips.
1488 1835 1520 1860 ι.
1542 1822 1624 1859 Erl.·
1648 1835 1678 1859 1.

376 1878 559 1906 onuttunt
580 1874 622 1907 id
638 1880 707 1908 est.
1438 1878 1445 1882 ⁶

322 1938 436 1975 pares
455 1928 534 1963 illis
549 1930 720 1974 syllabas
739 1931 888 1965 habent.
938 1930 1000 1966 Sic
1021 1928 1138 1966 Codd.
1152 1927 1246 1964 Edd.
1263 1940 1377 1974 pares
1397 1928 1538 1963 liabent
1556 1926 1682 1972 sylla-

374 1974 444 2009 bas
469 1974 561 2010 illis.
612 1974 648 2010 A
673 1978 852 2023 genitivo.
903 1977 1052 2011 Ins-erui
1072 1988 1095 2010 a
1115 1988 1136 2009 e
1156 1974 1274 2009 codd.
1305 1974 1438 2009 Zwicc.
1461 1986 1490 2008 1.
1513 1986 1543 2009 2.
1567 1973 1682 2009 Luth.

372 2020 452 2055 Erl.
476 2033 507 2055 1.
557 2023 652 2058 Mox
679 2029 764 2076 post
795 2023 1011 2057 derivantur
1041 2021 1225 2057 Codicum
1256 2020 1482 2055 auctoritate
1511 2020 1683 2055 omnium

373 2066 514 2110 delevi,
539 2068 641 2115 quod
660 2068 748 2102 hhri
768 2068 941 2114 impressi
961 2068 1115 2110 addunt,
1130 2067 1337 2113 primitiva.
1373 2067 1415 2101 Si
1430 2071 1552 2100 autem
1569 2077 1590 2099 ο
1607 2065 1683 2099 Iza-

373 2111 531 2148 buerint.
581 2116 671 2148 Post
698 2126 719 2148 ο
745 2114 840 2149 Edd.
871 2125 1000 2148 omnes
1030 2115 1226 2156 inserunt,
1255 2112 1461 2157 primitiva.
1512 2109 1685 2157 Expunxi

374 2158 562 2195 Codicum
590 2160 724 2195 Zwicc.
756 2161 867 2195 Luth.
902 2160 1002 2206 Lips.
1023 2161 1055 2195 3.
1077 2161 1192 2204 jussu.
1246 2157 1347 2204 Lips.
1371 2169 1402 2191 2.
1421 2157 1582 2204 primam
1601 2158 1683 2200 ejus

372 2203 459 2238 Ioco
479 2206 601 2250 ponit.
652 2206 732 2240 Erl.
751 2218 782 2241 2.
796 2208 931 2251 prima.

324 2257 540 2302 possessiva
563 2258 721 2290 nomina.
762 2256 855 2291 Edd.
872 2257 1100 2303 possessiva.
1148 2256 1258 2291 MSS.
1279 2254 1415 2290 Dresd.
1436 2253 1571 2290 Zwicc.
1596 2265 1626 2288 ι.
1649 2263 1683 2289 2.

378 2301 490 2336 Luth.
512 2301 591 2337 Erl.
616 2315 645 2337 1.
669 2315 699 2337 2.
722 2301 823 2348 Lips.
847 2315 878 2337 1.
900 2314 930 2336 2.
954 2301 1097 2336 addunt
1116 2302 1275 2336 nomina.

332 2359 366 2404 §.
380 2356 445 2437 144.
472 2370 492 2392 e
518 2365 687 2405 correpta
716 2366 755 2394 et
773 2373 793 2394 e
813 2360 1010 2406 producta.
1059 2359 1197 2394 Addidi
1216 2365 1304 2394 ante
1318 2359 1503 2406 producta
1522 2368 1544 2393 e
1563 2355 1682 2392 Codd.

396 2410 534 2439 ueram
552 2418 583 2439 e.

339 2452 484 2486 Terent.
502 2451 542 2484 in
558 2452 752 2498 Adelphis.
791 2453 859 2487 Est
878 2452 959 2486 Act.
981 2452 1044 2486 IV.
1067 2451 1123 2486 se.
1147 2463 1181 2493 2,
1207 2449 1263 2484 46.
1313 2450 1386 2484 Hic
1405 2460 1558 2496 quoque
1577 2448 1685 2484 locus

380 2495 507 2538 docet,
530 2496 763 2532 Priscianum
781 2498 966 2544 plurimos
986 2497 1091 2531 locos
1111 2496 1340 2541 scriptorum
1361 2507 1406 2530 ex
1427 2494 1613 2531 memoria
1629 2499 1684 2529 at-

377 2541 513 2624 !:lul‘iisge
523 2541 615 2623 ,v{ta
635 2550 764 2588 certe,
791 2550 833 2579 ut
861 2553 1015 2579 sensum
1041 2554 1120 2577 non
1150 2548 1312 2578 curaret.
1363 2540 1476 2576 Statii
1502 2541 1609 2578 locus
1629 2545 1688 2574 est

442 2599 462 2623 e
492 2614 500 2622 .
580 2614 590 2632 ‚
620 2600 696 2624 101.
1549 2610 1552 2612 -

332 2647 582 2682 Inveniuntur
611 2648 709 2683 enim
727 2659 866 2693 pauca.
912 2647 986 2682 Pro
1015 2647 1112 2682 enim
1127 2623 1354 2681 habethS.
1382 2643 1520 2679 Dresd.
1550 2649 1685 2678 tamen.

380 2693 472 2727 Post
483 2703 612 2743 pauca
625 2693 731 2728 addit
748 2694 831 2729 MS.
855 2692 958 2741 Lips.
981 2695 1014 2729 5.
1036 2693 1089 2729 ad
1104 2692 1298 2727 materiam
1310 2691 1555 2739 pertinentia.
1580 2689 1687 2724 Haeo
