1748 3112
221 798 235 820 μ

267 219 347 262 2ιὸ
722 220 844 262 Lm.
876 220 956 262 vl.
1017 221 1156 264 C‘AP.
1187 224 1222 269 1.

268 332 461 400 obliquis
496 343 741 397 tractavero
764 330 965 382 casibus,
1008 336 1150 377 multo
1180 337 1330 380 labore
1361 337 1570 392 inventa,
1610 350 1656 383 et

268 389 446 432 diverso
467 387 746 432 auctoritatis
769 403 853 432 usu
873 393 1113 447 approbata
1137 394 1420 451 subjungam.
1469 399 1539 439 De
1556 411 1654 439 ver·

268 446 314 488 bi
337 461 519 503 quoque
541 445 780 503 praeterito
800 447 1019 514 perfecto,
1065 463 1167 491 cum
1187 451 1252 491 de
1259 455 1352 503 ejus
1374 451 1653 519 temporibus

269 503 495 550 disseram,
517 503 774 568 explanabo,
808 501 853 544 in
855 503 1040 567 quibus
1060 520 1138 547 vos
1153 506 1359 550 dubitare
1369 507 1531 551 dicitis.
1564 512 1658 552 Nec

266 560 453 610 mirum,
485 574 588 601 cum
623 556 759 601 etiam
780 558 867 615 ipsi
896 560 1203 617 probatissimi
1229 564 1393 606 artium
1415 564 1653 623 scriptores

267 631 359 659 non
387 615 575 658 omnino
600 614 732 657 certis
769 619 876 658 haec
907 618 1072 676 regulis
1101 619 1360 663 disseruisse
1389 634 1654 665 noscuntur.

379 729 642 796 Quoniam
630 745 679 770 m
698 712 1002 786 superioribus
1023 730 1150 775 libris
1168 734 1222 774 de
1240 731 1383 776 literis
1398 745 1440 776 et
1460 733 1653 788 syllabis,

265 799 309 830 et
327 782 635 830 accidentibus
661 787 860 835 nomini,
893 799 938 829 et
958 790 1012 829 de
1034 788 1161 830 omni
1185 789 1542 832 derivativorum
1562 805 1656 856 ape·

265 844 334 887 cie
379 842 645 892 nominum,
686 855 933 909 ‘quantum
967 844 1121 900 potui,
1184 845 1431 912 diligenter
1451 847 1654 903 exposui,

263 916 388 943 nune
419 903 473 943 de
491 901 652 965 regulis
683 899 732 941 in
754 904 841 942 hoc
858 899 1038 956 quidem
1070 901 1187 943 libro
1214 902 1482 945 nominativi
1509 914 1554 944 et
1576 919 1655 960 ge*

262 956 429 1006 nitivi,
487 956 534 998 in
565 956 771 1014 sequenti
810 972 917 998 vero
948 970 1226 1022 caeterorum
1256 974 1441 1002 casuum
1470 971 1652 1002 tractare

263 1013 496 1070 incipiam.
559 1016 655 1055 Nee
677 1029 749 1056 me
769 1014 931 1070 pigeat,
953 1016 1060 1056 dum
1085 1014 1206 1065 vivo,
1239 1027 1284 1057 et
1308 1019 1432 1064 haec,
1463 1027 1507 1057 et
1524 1031 1655 1072 quae·

262 1085 442 1136 cunque
468 1068 718 1135 scripsero
763 1072 832 1111 vel
870 1086 967 1112 mea
1004 1070 1263 1136 diligentia,
1304 1073 1375 1113 vel
1404 1071 1654 1114 amicorum

261 1127 465 1175 monitu,
505 1131 575 1167 vel
608 1126 869 1168 invidorum
902 1127 1259 1182 vituperatione,
1301 1127 1338 1170 si
1367 1133 1483 1180 justa
1502 1129 1654 1179 ἒιιειιιςΙ

263 1185 519 1226 emendare.
580 1182 775 1226 Solatio
783 1182 906 1225 enim
937 1183 1051 1225 mihi
1080 1184 1175 1250 ipse
1211 1186 1305 1226 esse
1316 1197 1533 1251 possum,
1565 1185 1654 1243 qui

259 1252 463 1283 veterum
496 1239 764 1306 scriptorum
798 1239 903 1282 artis
936 1239 1252 1306 grammaticae
1280 1240 1394 1283 vitia
1416 1240 1661 1298 corrigere,-

259 1296 466 1355 quamvia
487 1295 806 1345 audacissime,
841 1298 917 1338 sed
943 1296 1150 1340 maximis
1177 1298 1435 1340 auctoribus
1458 1299 1655 1340 Herodi-

259 1364 345 1395 ano
381 1365 426 1396 et
445 1353 705 1418 Apollonio,
745 1353 941 1395 confisus
974 1351 1234 1408 ingrediors
1264 1354 1299 1395 si
1333 1354 1446 1410 quid
1474 1354 1522 1395 in
1543 1356 1656 1399 rneis

258 1424 438 1467 quoque
485 1409 702 1452 humani
712 1409 873 1452 erroris
920 1409 1139 1452 acciderit
1177 1410 1381 1467 scriptis,
1435 1414 1558 1467 quod
1595 1411 1661 1454 sir

258 1468 605 1510 emendandum.

374 1522 746 1589 Quatuordecim
763 1534 867 1563 sunt
906 1520 1061 1564 literae
1101 1522 1354 1564 terminales
1394 1525 1650 1576 nominum.

256 1580 428 1645 quibus
443 1579 632 1623 Latinus
655 1578 802 1621 utitur
820 1592 975 1621 sermO.
1037 1580 1224 1623 Vocal'es
1247 1594 1424 1628 omnes.
1457 1581 1651 1624 semivo-

255 1638 368 1678 cales
392 1636 603 1679 similiter
625 1650 779 1677 omnes
796 1667 808 1684 ,
853 1638 1019 1692 absque
1039 1651 1064 1677 z
1088 1646 1133 1677 et
1154 1637 1193 1684 f,
1227 1651 1362 1692 quam
1385 1637 1527 1702 magis
1547 1652 1653 1681 mu-

254 1706 343 1735 tam
373 1708 487 1740 esse,
531 1707 603 1735 cu·
593 1709 635 1734 ,ιι
669 1695 722 1734 de
748 1692 876 1733 litera
907 1694 1227 1742 tractabamus,
1277 1693 1327 1734 in
1355 1709 1503 1750 pruno
1531 1695 1657 1737 libro-

218 1766 220 1768 *
255 1749 562 1799 ostendimus3
603 1760 828 1814 praeterea
866 1745 1019 1790 mutae
1052 1760 1138 1790 tres
1167 1763 1192 1791 c
1214 1750 1244 1790 d
1265 1760 1306 1796 t,
1349 1761 1401 1791 ut
1427 1751 1646 1807 sophista.

254 1820 400 1856 mare,
448 1819 648 1864 gumnu,
702 1805 885 1853 Cicero,
928 1819 1095 1853 cornu,
1149 1807 1238 1853 sol,
1277 1809 1524 1864 templum,
1565 1821 1651 1849 nu-

253 1878 381 1912 men,
421 1867 603 1916 Caesar,
633 1862 802 1909 virtus,
834 1876 963 1919 pax,·
974 1863 1065 1910 lac,
1096 1860 1235 1910 aliud,
1265 1865 1457 1919 Bogud,
1488 1875 1639 1949 caput.

301 2025 390 2070 Cap.
413 2026 444 2060 Ι.
466 2027 500 2071 §.
526 2038 556 2061 1.
593 2031 771 2072 quantum
789 2025 900 2071 potui
922 2025 1139 2079 diligenter.
1186 2024 1417 2060 Adverbium
1433 2025 1607 2073 supplevi
1626 2037 1649 2062 e

344 2036 463 2106 Codd.
486 2072 620 2107 Zwicc.
646 2084 674 2106 1.
697 2084 727 2107 2.
751 2072 864 2106 Luth.
886 2071 988 2117 Lips.
1012 2084 1042 2106 1.
1065 2084 1096 2106 2.
1119 2071 1198 2106 Erl.
1222 2084 1252 2106 1.
1275 2084 1307 2107 2.
1330 2071 1425 2107 Edd.
1445 2073 1540 2108 Ven.
1562 2085 1592 2108 ι.
1615 2085 1648 2108 2.

345 2128 419 2152 nec
437 2118 570 2154 abesse
590 2129 703 2164 posse
722 2118 908 2152 existimo.

298 2165 367 2198 aed
382 2165 564 2199 maximia.
612 2166 699 2199 Duo
717 2175 894 2198 meorum
906 2162 1025 2198 Codd.
1046 2163 1213 2199 maxime.
1263 2165 1346 2200 Nec
1364 2168 1492 2201 tamen
1513 2163 1650 2201 lectio·

346 2220 435 2244 nem
452 2210 644 2255 vulgatam
660 2209 940 2244 sollicitandam
958 2221 1041 2244 esse
1060 2215 1161 2254 puto.

297 2255 452 2293 humani
469 2257 601 2290 errotis
617 2257 796 2291 acciderit
812 2257 972 2301 scriptis.
997 2256 1108 2288 Hunc
1125 2256 1330 2290 verborum
1347 2244 1522 2292 ordinem
1535 2262 1643 2291 tuen-

345 2307 409 2335 tur
425 2301 601 2347 plerique
618 2302 727 2336 MSS.
777 2301 913 2346 Vulgo,
938 2301 1087 2346 scriptis
1112 2301 1347 2334 acciderit..
1387 2328 1390 2329 γ

300 2361 333 2405 §-
359 2371 390 2393 2»
417 2359 532 2402 aliud,
546 2360 687 2405 Bogud,
706 2364 831 2411 caput:
855 2351 1090 2392 Persuadere
1104 2357 1198 2390 mihi
1218 2369 1295 2392 non
1312 2369 1479 2402 possum,
1490 2357 1648 2393 Pnsera

304 2416 307 2419 *
346 2417 438 2440 num
455 2405 580 2451 ipsum
601 2406 734 2458 Bogud
749 2404 957 2458 scripsisse.
993 2405 1077 2437 Non
1097 2409 1156 2437 est
1173 2403 1275 2438 enim
1295 2416 1366 2438 vox
1384 2404 1530 2440 Latina.
1578 2406 1650 2440 Ac-

311 2468 314 2473 ·
346 2451 464 2493 cedit,
499 2450 601 2496 quod
628 2450 770 2484 nullius
788 2450 923 2484 literae
942 2449 1066 2483 finalis
1085 2448 1175 2484 bina
1194 2449 1443 2494 proferuntur
1461 2451 1646 2496 exempla.

346 2499 534 2532 Intactam
559 2502 688 2530 tamen
708 2496 847 2550 reliqui
865 2495 964 2530 hane
990 2505 1137 2537 vocem,
1162 2506 1251 2530 cum
1267 2495 1451 2531 Codicum
1477 2497 1648 2532 omnium

347 2542 576 2578 auctor-itate
591 2543 694 2576 satis
699 2548 782 2577 tuta
801 2542 860 2576 sit.

302 2595 418 2635 Dmy,
439 2601 568 2625 nornen
583 2589 710 2634 oppidi
728 2589 886 2623 Pontici.
920 2588 1003 2622 MS.
1025 2587 1127 2632 Lips.
1155 2599 1184 2621 ι.
1208 2587 1336 2622 omisit
1352 2589 1502 2624 Pontici
1520 2594 1560 2622 et
1578 2600 1648 2622 no-

349 2648 431 2670 men
449 2646 517 2680 opp
491 2635 574 2679 pidi
591 2635 740 2680 punctis
759 2634 941 2669 distinxit.

305 2683 450 2718 sentius
469 2682 511 2714 in
526 2681 597 2715 IV
622 2680 734 2718 Theb.
758 2681 827 2715 Est
845 2682 999 2718 vs.180.
1051 2679 1223 2715 Valerius
1242 2682 1346 2716 Max.
1365 2658 1575 2715 MmLib
1599 2680 1647 2713 ΙΙ

355 2730 445 2774 Cap
471 2737 502 2762 ι.
522 2732 615 2760 extr.
956 2754 966 2761 ,
1426 2757 1428 2759 ,
