1748 3112
335 263 418 319 572
486 311 502 317 ,.
696 260 821 304 Lm.
853 261 992 304 xllx.
1038 260 1212 309 cal).
1228 262 1306 303 IV.
1337 262 1384 304 V.

335 389 537 443 uterque,
579 373 761 441 singuli,
805 374 916 423 bini,
950 374 1080 422 terni,
1110 374 1331 440 quaterni,
1365 386 1410 419 et
1430 374 1612 434 similiag-
1642 390 1729 420 nec

328 433 504 499 primae
529 445 573 475 et
596 432 751 475 tertiae
774 446 987 497 personae
1019 431 1304 497 pronomina.
1364 434 1549 483 Caetera
1577 444 1726 477 autem

334 490 526 533 nomina
555 505 633 555 per
659 487 892 530 vocativus
914 503 1064 543 casus,
1095 488 1231 532 etiam
1262 488 1300 532 si
1322 487 1416 532 sint
1444 488 1727 556 appellativa,

331 548 431 589 loco
449 546 738 604 propriorum
761 546 1026 603 funguntur,
1058 560 1160 588 cum
1184 545 1539 597 demonstratio*
1526 561 1625 613 ipsa
1647 548 1731 589 de-

331 603 436 646 finit
477 613 758 669 praesentem
785 604 1029 645 secundam
1066 617 1324 668 personam,
1371 613 1416 645 et
1441 604 1574 648 habet
1603 601 1661 647 in
1682 617 1748 644 se,

330 660 428 702 vim
462 671 506 702 et
535 656 912 726 significationem
942 659 1225 725 pronominis
1256 671 1306 701 tu
1335 658 1552 703 vocativi.
1613 661 1731 703 Illud

331 716 470 759 etiam
492 716 753 765 sciendum,
784 718 905 774 quod
933 716 1084 758 omnia
1111 715 1378 783 pronomina
1410 717 1533 774 apud
1547 713 1730 759 Latinos

333 775 535 816 absoluta
565 783 694 822 sunt,
737 784 783 815 et
814 775 903 814 tam
934 772 1233 844 praepositiva
1262 788 1396 829 quam
1425 770 1728 826 subjunctiva‚

333 829 537 897 rectique
554 839 824 879 accentus,1
810 829 858 870 id
880 841 944 871 est
964 827 1310 886 ὀρθατονούμενα,
1341 845 1446 872 cum
1470 831 1588 886 apud
1601 831 1748 875 Grae-·

333 902 409 929 cos
427 887 520 929 sint
548 888 764 952 quaedam
785 866 1074 935 inclinativa,
1105 898 1158 928 ut
1175 894 1271 942 μοῦ,
1301 889 1384 942 μοὶ,
1413 887 1477 943 μὲ,
1488 900 1590 951 ego
1611 885 1731 935 dico,

274 943 308 976 V
333 943 437 987 dico
459 959 567 1002 ego,
588 955 652 987 tu
675 942 803 994 dicis,
838 942 950 986 dicis
982 953 1045 991 tu,
1078 941 1156 986 ille
1175 907 1316 993 ndicit,
1348 907 1477 985 dicit
1484 937 1601 990 ille..
1628 944 1732 988 Ab-

261 1001 304 1025 22
331 1003 477 1043 soluta
508 1011 659 1043 autem
689 999 923 1054 dicuntur,
956 1014 1070 1056 quae
1096 1015 1199 1042 cum
1229 999 1327 1042 aliis
1355 997 1517 1043 sociari
1542 1009 1731 1064 possunt

327 1059 401 1100 vel
433 1072 538 1099 non.
596 1060 714 1100 Nam
745 1056 940 1100 dicendo
974 1071 1065 1114 ego
1085 1055 1187 1099 dico
1217 1071 1403 1121 possum
1442 1066 1500 1100 et
1510 1057 1635 1103 aolus
1662 1055 1730 1099 in

302 1150 305 1152 .
328 1114 472 1180 telligi
497 1126 541 1157 et
564 1130 669 1158 cum
700 1113 800 1155 alio.
861 1115 984 1156 Solet
1007 1124 1154 1156 tamen
1171 1124 1270 1158 met
1292 1110 1443 1155 addita
1463 1109 1728 1170 plerumque

328 1170 690 1236 significantiam,
723 1171 791 1212 ve]
817 1170 1132 1213 discretionem
1163 1164 1411 1219 ostendere,
1443 1184 1586 1226 quam
1591 1165 1748 1214 Grae?

328 1227 372 1270 ci
398 1228 613 1283 διαστολὴν
636 1228 810 1274 dicunt,
839 1238 1030 1283 egomet,
1049 1241 1130 1283 ego
1153 1238 1197 1269 et
1217 1241 1309 1269 non
1330 1225 1455 1270 alius.
1516 1228 1612 1277 Nec
1637 1239 1731 1266 non

327 1284 462 1326 etiam
496 1285 593 1341 ipse
618 1299 699 1341 ego
728 1286 802 1325 vel
830 1295 1008 1340 egomet
1041 1284 1161 1340 ipse,
1194 1295 1245 1326 ut
1270 1281 1508 1325 Terentius
1530 1281 1580 1325 in
1594 1281 1731 1330 Adel-

323 1341 452 1397 phis:
484 1345 660 1396 Egomet
688 1346 838 1395 παραὶ,
870 1345 956 1393 ipse
974 1356 1048 1395 ego
1067 1344 1176 1383 solui
1205 1350 1469 1404 argentum,
1486 1338 1534 1386 id
1555 1350 1622 1390 βεε
1643 1351 1726 1403 ego
1746 1363 1748 1381 ;

325 1409 371 1439 et
392 1399 542 1440 nullus
565 1398 691 1440 alius.
751 1398 831 1441 Sui
853 1398 998 1438 solum
1027 1399 1145 1452 apud
1165 1395 1349 1438 Latinos
1382 1394 1660 1467 reciprocum
1678 1394 1748 1435 fit‘

322 1453 374 1495 in
395 1456 549 1496 eadem
577 1454 708 1496 tertia
730 1467 930 1518 persona,
964 1455 1086 1517 quod
1111 1452 1268 1495 Graeci
1297 1447 1626 1496 ἆντανακλαστὸν
1649 1465 1724 1492 vo·

322 1522 448 1560 cant,
480 1510 528 1552 id
559 1522 624 1554 est
655 1511 835 1567 quando
867 1509 964 1565 ipsa
996 1525 1046 1551 m
1074 1525 1119 1551 se
1140 1521 1288 1551 actum
1308 1506 1500 1550 reflectit
1518 1522 1723 1564 persona,

323 1578 378 1609 ut
399 1569 554 1609 eadem
576 1567 636 1610 sit
669 1579 715 1609 et
736 1582 866 1622 agens
891 1577 935 1607 et
965 1565 1164 1630 patiens,
1199 1567 1320 1622 quod
1353 1564 1617 1613 ἰδιοπάθειαν
1639 1578 1725 1606 vo·
1746 1566 1748 1569 ’

324 1635 442 1673 cant,
473 1635 622 1680 potest
639 1623 931 1688 significare‘
912 1629 1063 1667 εαυτοῦ
1081 1621 1163 1664 sui.
1223 1624 1335 1675 Nam
1355 1624 1535 1676 ἐμαυτοῦ
1556 1632 1600 1663 et
1619 1636 1726 1665 σαυ-
1745 1648 1748 1678 j

321 1687 413 1734 τοῦ,
446 1684 566 1738 quod
590 1692 657 1723 est
686 1679 856 1744 primae
890 1690 934 1720 et
965 1677 1184 1722 secundae
1212 1693 1448 1744 personae,
1475 1692 1568 1722 non
1586 1679 1748 1725 habe-A

322 1753 450 1786 mus,
481 1740 558 1779 sed
588 1752 667 1794 pro
702 1737 764 1779 eis
798 1735 1080 1801 simplicibus
1108 1734 1353 1799 primitivis
1381 1733 1578 1784 utimur,
1609 1735 1748 1794 quae}

321 1805 414 1837 tam
436 1795 486 1836 in
508 1794 860 1850 reciprocatione
881 1807 1032 1858 quam
1035 1792 1084 1833 in
1102 1790 1366 1834 transitione
1387 1790 1495 1856 poni
1518 1802 1748 1856 possunt.

321 1863 376 1893 ut
394 1852 481 1894 mei
515 1851 753 1899 misereor,
786 1861 831 1892 et
858 1849 948 1892 mei
972 1848 1205 1891 misereris.
1263 1846 1481 1890 Similiter
1505 1847 1574 1894 tui
1594 1847 1722 1891 mise-

319 1907 446 1956 reris,
481 1919 525 1950 et
546 1907 614 1949 tui
645 1907 870 1950 misereor.
931 1909 1023 1948 Nec
1048 1904 1232 1957 mirum,
1262 1919 1367 1946 cum
1388 1905 1507 1960 apud
1528 1905 1719 1948 Graecos
1739 1883 1748 1944 i

321 1978 516 2028 quoque
531 1963 864 2006 vetustissimus
894 1961 1099 2004 omnium
1128 1963 1220 2003 fere
1242 1971 1477 2005 auctorum
1495 1960 1748 2008 Homerus}

320 2019 604 2077 simplicibus
638 2031 791 2062 utatur
818 2033 899 2076 pro
930 2017 1215 2073 compositis,
1261 2028 1311 2058 ut
1344 2016 1412 2072 ἐμὲ
1430 2015 1610 2086 λύσομαι
1636 2030 1719 2072 pro

319 2078 507 2131 ἐμαυτόν.
567 2075 648 2119 Sui
687 2090 873 2140 quoque
908 2086 997 2116 tam
1040 2076 1190 2118 ἑαυτοῦ
1224 2088 1356 2130 quam
1395 2066 1449 2132 0²3
1480 2071 1716 2131 significat,

319 2136 444 2189 quod
467 2148 641 2190 semper
666 2144 733 2175 est
752 2132 1006 2174 relativum.
1049 2134 1144 2174 Nec
1171 2131 1355 2177 mirum,
1378 2144 1483 2172 cum
1504 2132 1593 2172 hoc
1613 2143 1718 2186 quo·

319 2205 416 2254 que
427 2192 546 2248 apud
571 2192 819 2232 Homerum
849 2187 1108 2230 inveniatur
1135 2201 1265 2252 saepe
1285 2186 1471 2243 simplex
1489 2199 1569 2243 pro
1592 2199 1716 2232 com-
1737 2241 1740 2242 ⁷

317 2246 491 2302 posito‚
525 2258 574 2288 ut
596 2246 781 2303 ποόσθεν
802 2248 898 2290 ἕθεν
927 2245 1156 2310 φεύγοντα,
1188 2242 1238 2285 id
1262 2254 1328 2286 est
1347 2253 1449 2284 ante
1469 2256 1516 2284 se
1534 2241 1716 2308 fugien-

250 2318 294 2353 23
320 2313 425 2352 tem,
459 2306 556 2347 ἕθεν
582 2317 663 2359 pro
691 2305 842 2347 ἑαυτοῦ
871 2300 996 2344 dixit.
1056 2299 1404 2343 Nominativum
1436 2309 1588 2341 autem
1610 2297 1713 2340 ideo

315 2373 411 2403 non
441 2362 579 2403 habet
609 2361 694 2401 hoc
722 2373 996 2416 pronomen,
1025 2357 1076 2399 id
1103 2368 1190 2412 est,
1227 2356 1324 2411 sui,
1353 2355 1463 2405 sibi,
1495 2369 1566 2405 se,
1597 2369 1623 2399 a
1651 2370 1714 2406 se,

1740 1822 1748 1870 Ξ

364 2499 398 2544 §.
422 2511 476 2534 22.
507 2501 700 2535 Terentius
720 2501 759 2535 in
779 2499 974 2555 Adelphis,
998 2499 1079 2533 Act.
1103 2499 1165 2533 IV.
1186 2498 1244 2532 Sc.
1265 2507 1299 2542 4.
1319 2508 1374 2532 vs.
1398 2509 1452 2543 19.

364 2544 1046 2645 Ἷέἰέξζέἷεῖἒῖἔέθὲιῗᾜυέἷέἓιῖ.
1067 2544 1153 2624 231⁶
1162 2556 1257 2623 ⁹135}
1253 2556 1410 2624 ‘'50535
1416 2540 1712 2634 “13112232'13‘2‘5122
1727 2607 1729 2621 ,

411 2645 534 2680 stant,
570 2638 738 2684 quamvis
767 2639 928 2672 Codices
957 2638 1002 2671 ab
1033 2649 1078 2672 ea
1096 2637 1325 2681 discrepent.
1374 2634 1444 2669 Ed.
1466 2635 1558 2670 Ven.
1583 2646 1613 2668 2
1635 2645 1711 2680 προ

408 2698 521 2721 evron
538 2697 717 2732 φευγοντα
739 2703 785 2711 -
809 2697 921 2720 αυτου
934 2695 1005 2729 pro
1024 2684 1165 2719 ἑαυτοι.
1214 2682 1297 2716 MS.
1317 2681 1491 2716 Heidelb.
1509 2680 1678 2725 προσθεν
1696 2694 1712 2714 ι

409 2743 611 2776 φοι-γοντα,
647 2743 758 2767 αυτου
778 2742 847 2775 pro
877 2742 1017 2765 εαυτου.
1067 2730 1152 2762 MS.
1178 2728 1257 2762 Erl.
1283 2740 1314 2762 2.
1347 2730 1407 2762 Gr.
1439 2739 1551 2763 αυτον
1574 2743 1619 2752 --
1635 2734 1732 2769 pro
1731 2763 1738 2768 Δ,

411 2778 565 2814 εωυθου.
613 2777 769 2823 Lips.1.
796 2787 865 2823 pro
894 2780 974 2809 octo
1003 2772 1238 2820 (προσθενῗ)
1273 2785 1482 2818 nequens
1505 2789 1549 2801 -·
1573 2784 1614 2807 ον
1635 2781 1748 2821 pro³
1741 2791 1748 2798 ι
