1748 3112
171 405 216 439 80

240 221 323 265 216
659 222 783 265 LIB.
814 224 875 265 V.³
925 222 1063 266 CAP.
1094 224 1229 266 XIV..

240 335 382 394 igitur
391 333 495 401 qui
494 334 696 382 addunt,
729 342 1058 401 supervacuum
1082 334 1276 384 faciunt,
1308 335 1399 395 qui
1393 337 1532 390 nulia
1555 337 1638 380 dif-

242 391 431 436 ferentia
450 390 577 432 vocis
595 390 647 431 in
667 393 760 434 ullo
782 392 968 437 nomine
990 391 1126 435 distat
1149 408 1173 434 a
1196 403 1335 436 sexto.
1371 393 1640 437 Sciendum

242 462 418 496 tamen,
446 448 586 514 ‘quod
619 445 694 489 hic
719 463 868 498 casus,
911 449 960 491 id
991 460 1056 492 est
1091 447 1343 499 ablativus‚.
1372 461 1440 492 est
1460 452 1640 508 quando

242 522 326 565 pro
354 504 583 569 genitivo,
624 515 690 546 est
721 507 902 562 quando
923 520 1005 562 pro
1042 506 1195 548 dativo
1217 506 1439 563 accipitur
1458 509 1640 551 Graeco.

241 568 330 608 Pro
358 560 589 627 genitive,
641 564 818 616 quando
862 561 1276 628 praepositionibus
1312 565 1382 605 vel
1416 562 1641 606 adverbiis

245 619 429 662 ablativi
458 632 585 659 casus
606 618 920 682 subjungitur,
964 630 1015 660 ιιι
1035 634 1086 661 ex
1111 619 1211 668 ino,
1245 622 1301 662 de
1322 619 1426 668 illo,
1467 622 1523 662 ab
1546 620 1642 668 illo,

243 691 324 734 pro
346 676 470 722 illo.
491 689 642 717 coram
665 673 768 724 illo,
807 690 912 718 cum
943 675 1046 718 illo.
1080 689 1129 718 et
1146 678 1327 741 quando
1347 689 1642 744 comparatur.

200 759 203 765 ·
244 731 407 775 fortior
430 730 530 773 illo:
582 741 626 774 et
646 734 826 786 quando
861 731 1061 774 nominis
1095 744 1139 774 et
1161 732 1387 797 participii
1417 732 1657 776 ablativus·

242 791 383 832 verbo
415 798 460 829 et
485 786 770 831 nominativo
793 787 976 831 alterius
1007 788 1206 831 nominis
1239 804 1345 831 cum
1375 789 1646 832 transitione

245 859 539 903 personarum
567 845 844 910 adjungitur,
887 857 938 888 ut
963 847 1066 888 Sole
1086 848 1355 888 ascendente
1374 846 1469 888 dies
1494 846 1568 893 fit,
1602 855 1647 886 et

248 906 442 955 Trajano
470 902 665 943 bellante
688 901 799 944 victi
818 913 927 944 sunt
949 901 1116 945 Parthi.
1179 905 1275 945 Hac
1297 914 1448 945 autem
1477 902 1650 944 utimur

247 957 609 1005 constructione,
644 961 821 1013 quando
842 958 1213 1015 consequentiam
1250 958 1447 1015 aliquam
1481 973 1647 1005 rerum,

250 1030 366 1081 quae
390 1016 529 1056 verbo
555 1015 943 1064 demonstrantur,
987 1017 1039 1056 ad
1062 1030 1132 1057 eas
1157 1031 1239 1067 res,
1265 1030 1379 1071 quae
1401 1013 1647 1080 participio

249 1071 577 1128 significantur,
611 1074 844 1113 ostendere
857 1074 1080 1115 volumus.
1141 1072 1265 1127 Quid
1288 1083 1354 1114 est
1375 1071 1513 1120 enirn,
1544 1073 1649 1113 Tra·

248 1134 354 1183 jano
389 1128 585 1192 bellante
626 1127 735 1170 victi
771 1140 876 1170 sunt
904 1128 1082 1176 Parthi,
1131 1128 1220 1169 nisi
1245 1130 1367 1184 quod
1393 1139 1543 1170 secuta
1585 1137 1651 1169 est

250 1183 444 1226 victoria
458 1187 702 1236 Trajanum
730 1186 994 1227 bellantem:
1026 1197 1082 1233 et,
1106 1187 1207 1227 Sole
1228 1187 1498 1227 ascendente
1511 1185 1652 1226 fiotu-

252 1252 320 1285 est
340 1240 460 1288 dies,
501 1239 592 1282 nisi
622 1243 744 1297 quod
769 1241 1078 1283 ascensionem
1107 1241 1214 1283 solis
1243 1250 1424 1283 secutus
1455 1251 1523 1283 est
1541 1239 1648 1283 dies.

249 1296 556 1341 Inveniuntur
594 1308 743 1339 tamen
783 1297 918 1339 etiam
947 1297 1132 1339 nomina
1173 1299 1274 1339 loco
1304 1296 1651 1363 participiorum

251 1354 303 1396 in
325 1353 646 1396 huiuscemodi
675 1354 935 1396 elocutione
955 1353 1126 1410 posita,
1170 1365 1220 1395 ut
1241 1353 1453 1409 Virgilius
1483 1353 1532 1395 in
1556 1355 1652 1399 Vll.

251 1414 352 1454 Non
372 1412 489 1450 vobi-s·
521 1426 614 1464 rege
642 1413 803 1453 Latino
826 1413 975 1451 divitis
1007 1413 1109 1451 aber
1129 1415 1228 1465 agri
1255 1415 1452 1463 Trojaeve
1481 1413 1653 1465 opulen-

252 1471 320 1532 tifz
338 1468 482 1508 deerit.
543 1469 663 1522 Rege
685 1467 870 1513 Latino,
902 1482 982 1524 pro
1003 1479 1219 1531 regnante
1238 1467 1412 1510 Latino.
1474 1470 1648 1532 Quam-

252 1523 324 1566 vis
342 1523 392 1565 in
414 1523 729 1565 huiuscemodi
753 1538 930 1587 quoque
949 1522 1366 1566 constructionibus
1378 1524 1655 1589 subauditur

253 1579 549 1649 participium
586 1579 936 1623 substantivum.
999 1579 1158 1622 Graeci
1191 1591 1340 1622 autem
1374 1579 1421 1621 in
1450 1583 1653 1633 hujusce-

254 1635 380 1678 modi
402 1635 739 1678 constructione
758 1638 903 1678 solent
927 1651 1009 1694 pro
1030 1635 1235 1692 genitivo
1250 1636 1483 1708 participii
1516 1636 1653 1680 etiam

256 1691 493 1735 infinitum
518 1695 708 1735 verbum
738 1708 933 1749 ponere,
966 1705 1017 1735 ut
1042 1695 1086 1736 ἐν
1107 1712 1161 1751 τῳ
1183 1693 1412 1748 βασιλεύειν
1440 1693 1659 1760 Τραϊανρη

256 1748 348 1795 ἀντὶ
366 1755 462 1803 τοῦ,
495 1750 785 1806 βασιλεύοντος
810 1756 1026 1806 Τραιανοῦ.
1085 1739 1236 1792 Etiam
1263 1761 1373 1791 tunc
1393 1764 1474 1807 pro
1491 1749 1654 1808 geniti-

256 1820 315 1848 vo
336 1805 525 1870 ponitur
550 1821 733 1870 graeco,
771 1808 922 1862 quand
926 1821 970 1848 0
982 1822 1062 1864 per
1091 1805 1387 1862 participium
1419 1809 1585 1848 habens
1609 1816 1655 1848 et

258 1861 567 1905 accusativum
586 1862 935 1918 interpretamur
955 1879 1083 1912 eum,
1115 1873 1167 1903 ut
1187 1863 1374 1918 pulchra
1393 1863 1536 1904 forma
1554 1877 1652 1904 mu·

255 1919 358 1967 lier,
393 1917 442 1960 id
462 1928 529 1961 est
544 1921 778 1975 pulchram
803 1920 992 1962 formam
1012 1921 1203 1968 habens;
1234 1933 1392 1976 magna
1410 1918 1655 1961 altitudine

259 1977 447 2023 domus,
490 1974 538 2016 id
571 1985 637 2017 est
667 1990 874 2032 magnam
910 1976 1194 2018 altitudinem
1226 1977 1405 2017 habens.
1466 1978 1549 2018 Pro
1581 1975 1656 2018 da·

255 2031 354 2073 tivo
371 2045 568 2096 quoque,
600 2034 780 2096 quando
811 2047 916 2075 cum
938 2033 988 2074 in
1018 2034 1088 2075 vel
1118 2034 1201 2073 sub
1238 2030 1655 2098 praepositionibus

255 2087 482 2153 jungitur,
511 2099 565 2129 ut
595 2088 643 2129 in
667 2087 747 2130 illo
763 2120 774 2137 ‚
817 2091 900 2132 sub
921 2088 1028 2138 illo,
1060 2100 1104 2131 et
1124 2090 1302 2145 quando
1327 2088 1477 2146 ipsum
1500 2088 1652 2154 ablati-

256 2160 369 2187 xum
409 2144 758 2210 interpretamur
796 2161 877 2203 per
911 2145 1221 2189 accusativum
1254 2156 1299 2187 et
1327 2159 1405 2202 per
1431 2144 1654 2210 praeposi-

259 2200 432 2243 tionem
455 2216 563 2266 per,
597 2213 650 2244 ut
677 2201 813 2245 vinco
835 2214 877 2244 te
895 2217 1057 2251 manu,
1094 2200 1145 2243 id
1165 2213 1231 2244 est
1252 2218 1330 2259 per
1347 2216 1559 2256 manum,
1585 2217 1654 2244 vi-

261 2259 346 2300 deo
370 2267 414 2299 te
431 2247 631 2307 lumine,
662 2256 712 2299 id
733 2270 799 2300 est
819 2273 899 2315 per
913 2261 1081 2301 lumen

305 2420 340 2465 5.
354 2431 429 2500 59.
444 2421 486 2455 in
509 2419 584 2454 ullo
600 2422 744 2455 nomine
773 2422 891 2456 distat
908 2434 932 2456 a
952 2427 1067 2456 sexto.
1115 2419 1253 2466 Vulgo,
1279 2421 1403 2455 distet.
1451 2420 1555 2455 Haec

380 2477 441 2500 em
469 2466 585 2500 lectio
611 2467 657 2500 ab
686 2467 860 2501 omnibus
884 2469 968 2502 fere
994 2467 1196 2502 Codicibus
1229 2468 1467 2512 reprobatur.
1524 2462 1558 2499 V

353 2511 472 2558 igitur
497 2511 561 2546 hic
587 2524 737 2558 quoque
763 2513 879 2548 lectio
907 2513 1092 2548 Codicum
1117 2513 1367 2560 optimorum,
1410 2509 1658 2556 indicativum

356 2557 642 2611 praestantium,
668 2560 885 2594 auctoritas.

312 2605 347 2651 5
369 2609 426 2644 80.
456 2605 557 2653 Virg.
581 2604 620 2638 in
645 2607 730 2642 VII.
756 2606 891 2641 Estvs.
914 2606 994 2642 262.
