1748 3112
263 259 367 304 ‘502
717 263 839 304 LIB.
872 264 975 304 VII.
1034 263 1172 308 CAP.
1209 264 1253 306 V'.

278 392 407 429 quam
435 377 529 424 tibi,
563 377 740 429 Vergili.
798 377 926 418 Unde
955 387 1166 419 accentus
1187 375 1373 432 perfecti
1392 374 1590 420 vocativi
1616 373 1670 419 iu

277 431 345 474 his
378 444 590 474 servatur.
651 432 698 474 Si
730 432 851 475 enim
888 448 980 475 non
1019 444 1134 475 esset
1163 433 1370 481 abscisio,
1413 434 1669 475 debuerunt

275 487 585 540 hujuscemodi
614 489 834 537 vocativi,
880 490 924 531 id
944 502 1009 532 est
1042 488 1123 546 qui
1160 489 1208 531 in
1241 489 1256 531 i
1290 488 1557 532 desinentes
1593 503 1667 545 pe—

273 544 508 587 nultimam
533 556 779 602 correptam
801 548 979 597 habent,
1002 546 1399 611 antepenultimam
1413 552 1585 593 nouere,
1617 555 1667 588 ut

273 601 457 658 Virgili,
491 602 702 651 Mercuri,
734 605 854 658 quod
877 603 1064 645 minime
1086 605 1206 650 licen
1239 618 1343 644 nam
1364 601 1679 658 penultimam¹

274 661 489 702 acuimus.
551 662 602 701 In
624 659 947 702 abscisionibus
976 660 1123 705 enim,
1153 658 1190 700 si
1216 675 1263 701 ea
1286 658 1478 711 vocalis,
1506 657 1667 714 inqua

274 727 341 757 est
361 725 593 763 accentus,
625 714 793 772 integra
813 728 986 770 manet,
1025 727 1169 758 servat
1189 716 1325 758 etiam
1346 725 1580 758 accentum
1602 715 1669 756 in-

271 783 471 828 tegrum,
503 782 555 814 ut
578 773 749 817 audivit
772 773 917 822 audit,
948 773 1154 815 nostratis
1169 783 1360 820 nostras,
1394 773 1538 814 illicce
1558 770 1665 812 illic.

210 846 252 881 19
275 833 341 871 D'e
361 828 574 884 Pompei,
616 840 660 871 et
682 827 848 875 Vultei.
891 840 934 871 et
956 829 1060 878 Cai,
1104 841 1146 871 et
1180 828 1396 871 similibus
1426 826 1665 876 vocativis.

235 926 242 936 ‚
272 901 382 942 quae
416 884 430 926 i
460 887 560 933 loco
591 887 875 928 consonantis
906 898 1007 928 ante
1037 902 1088 928 us
1111 887 1275 936 habent
1294 886 1342 926 in
1364 883 1664 931 nominativo,

195 1637 238 1663 20

272 942 525 992 dubitatur,
557 951 706 986 utrum
738 942 963 985 iextrema
991 958 1072 1000 pro
1102 942 1274 990 vocali,
1315 957 1370 983 an
1391 956 1473 997 pro
1507 954 1663 982 conso-

270 1011 406 1041 nante
433 997 490 1041 sit
522 997 811 1055 accipienda,
844 1002 1075 1054 quomodo
1108 1000 1157 1042 in
1189 999 1285 1040 aliis
1309 999 1506 1040 casibus:
1542 997 1666 1053 quod

269 1054 413 1114 magis
444 1069 570 1098 more
601 1055 789 1112 antiquo
823 1056 1135 1098 rationabilius
1170 1071 1263 1098 esse
1298 1056 1509 1097 videtur..
1553 1059 1665 1096 Nam

269 1115 469 1154 solebant
491 1111 559 1153 illi
582 1126 672 1155 nou
696 1113 843 1155 solum
877 1113 926 1154 in
948 1111 1202 1170 principi0.‚·
1241 1114 1318 1155 sed
1341 1108 1667 1155 etiam-influe

268 1170 459 1223 syllabae
493 1183 661 1224 ponere
691 1168 710 1209 i
742 1169 842 1210 loco
876 1170 1189 1222 consonantis,
1220 1168 1359 1225 idque
1385 1166 1666 1209 iuvantis,

267 1225 394 1267 simis
425 1224 630 1273 invenies
663 1224 921 1280 scripturiS,
965 1225 1169 1282 quotiens
1204 1225 1324 1266 inter
1349 1226 1457 1267 duas
1488 1224 1666 1266 vocales.

265 1281 473 1338 ponitur,
506 1293 558 1324 ut
581 1280 718 1331 eiius,
750 1282 1025 1338 Pompeiius,
1057 1280 1293 1338 Vulteiius,
1325 1280 1488 1324 Gaiius
1526 1281 1663 1335 Quod

267 1338 401 1381 etiam
425 1352 607 1390 omneS,
648 1338 729 1395 qui
751 1340 806 1380 de
826 1338 951 1380 litera
976 1338 1196 1381 curiosius
1218 1337 1519 1393 scripserunt.
1551 1336 1663 1379 affir-

266 1405 402 1437 mant.
464 1397 657 1436 Necnon
691 1396 825 1436 etiam
860 1407 998 1437 metra
1023 1397 1271 1438 ostendunt
1302 1394 1424 1450 quod
1446 1391 1660 1442 dicimus,

266 1461 308 1492 et
332 1453 509 1508 regulae
533 1450 676 1516 ipsius
708 1450 820 1494 ratio
854 1450 904 1492 in
927 1451 1184 1508 supradicto
1208 1449 1436 1493 vocativo.
1497 1449 1661 1492 Omnis

265 1507 388 1551 enim
419 1518 654 1549 vocativus
687 1506 736 1549 in
768 1507 785 1548 i
820 1508 1028 1550 desinens
1058 1523 1146 1550 una
1181 1509 1344 1560 syllaba
1379 1505 1532 1548 minor
1566 1520 1660 1549 esse

265 1565 398 1607 debet
419 1563 705 1606 nominativo
729 1579 836 1613 suo,
868 1576 919 1606 ut
942 1564 1160 1608 Salustius
1185 1578 1211 1605 ο
1234 1563 1413 1610 salusti,
1446 1562 1659 1619 Virgilius
1724 1574 1726 1579 ·

263 1619 496 1677 oVirgili,
538 1620 780 1663 Terentius
811 1635 838 1663 o
871 1621 1072 1663 Terenti.
1132 1626 1249 1678 Ergo
1285 1619 1322 1661 si
1353 1623 1660 1675 Pompeiustet

260 1678 466 1730 Vultejus
501 1676 726 1730 trisyllaba
760 1688 865 1719 sunt
896 1678 945 1719 in
980 1677 1293 1725 nominativo,
1335 1674 1583 1719 necessario
1607 1674 1666 1718 in·

258 1733 472 1776 vocativo
507 1731 743 1786 dissyllaba
778 1749 869 1777 esse
891 1736 1076 1778 debent:
1117 1735 1239 1792 quod
1262 1748 1352 1775 non
1376 1741 1517 1790 potest
1536 1730 1667 1782 fieri&

258 1788 350 1836 uisi
372 1788 388 1833 i
411 1791 512 1832 loco
547 1791 833 1833 consonantis
863 1790 1126 1848 accipiatur.
1190 1793 1316 1834 Unde
1339 1789 1454 1833 illud
1478 1798 1664 1847 quoque

258 1859 496 1903 possumus
528 1846 667 1895 scire,
710 1849 834 1903 quod
867 1849 980 1889 bene
1003 1848 1078 1889 cui
1100 1863 1183 1905 pro
1205 1848 1519 1899 monosyllabo.
1537 1845 1663 1888 accivi

257 1903 393 1960 piunt
426 1902 625 1952 metrici,
668 1914 712 1944 et
744 1903 867 1946 huic.
929 1906 1089 1947 Omnis
1121 1904 1241 1946 enim
1264 1902 1493 1959 genitivus
1516 1900 1563 1941 in
1586 1900 1657 1943 ius

260 1957 492 2008 desinens,
544 1974 631 2000 una
672 1961 772 2001 vult
814 1975 1020 2014 superare
1063 1962 1226 2014 syllaba
1270 1974 1402 2000 suurn
1435 1957 1653 2007 dativum,

259 2014 489 2057 illevinius
527 2015 618 2063 illi',
661 2015 759 2072 ipse
789 2015 934 2073 ipsius
957 2016 1072 2074 ipsi,
1115 2032 1231 2059 unus
1253 2016 1387 2057 unius
1411 2014 1516 2062 uni,
1547 2017 1656 2058 alter

258 2071 442 2114 alterius
475 2071 620 2116 alteri.
678 2072 801 2115 Alius
836 2087 1014 2130 quoque
1048 2090 1128 2132 per
1164 2076 1273 2115 duas
1306 2071 1339 2114 ii
1374 2071 1530 2113 debuit
1561 2085 1655 2115 esse

259 2126 489 2185 genitivus
523 2142 653 2170 causa
688 2128 852 2177 dativi,
895 2132 1015 2186 quod
1039 2136 1113 2173 est
1147 2130 1250 2179 alii,
1292 2130 1370 2171 sed
1402 2129 1473 2169 vel
1507 2126 1654 2169 hiatus

258 2198 391 2227 causa
414 2196 494 2234 est,
524 2186 597 2226 vel
621 2184 726 2242 quia
752 2184 873 2228 inter
886 2188 994 2229 duas
1016 2188 1191 2229 vocales
1207 2184 1231 2228 ’ἰ
1254 2184 1420 2228 vocalis
1444 2199 1536 2229 esse
1560 2197 1654 2226 non

256 2250 444 2296 poterat.
502 2241 694 2285 Dativu's
736 2243 874 2285 etiam
904 2245 1006 2286 loco
1040 2242 1331 2287 consonantia
1369 2256 1467 2284 eam
1509 2239 1652 2296 accipi

302 2402 338 2449 §2
361 2413 417 2440 20.
443 2406 607 2440 Dativus
625 2405 738 2438 etiam
763 2404 841 2439 loco
858 2409 1108 2442 consonantis.
1155 2406 1297 2451 Scripsi
1316 2405 1428 2439 etr'am
1444 2414 1513 2448 pro
1529 2408 1654 2437 autem

349 2450 575 2484 auctoritate
586 2450 745 2490 ,Codicis
757 2451 891 2486 Zwicc.
906 2465 937 2486 2.
988 2454 1081 2486 Mox
1100 2463 1168 2496 pro
1188 2464 1294 2498 quam
1314 2450 1530 2496 duplicabat
1548 2447 1653 2493 edidi

374 2497 440 2548 qia
459 2495 639 2542 duplicat.
687 2497 793 2531 Haec
813 2498 915 2532 enim
934 2504 992 2532 est
1011 2498 1127 2532 lectio
1148 2499 1258 2532 MSS.
1278 2497 1390 2531 Luth.
1413 2495 1547 2529 Zwicc.
1566 2506 1598 2529 ι.
1617 2506 1648 2529 2.

304 2553 454 2627 Goellifflt'
477 2554 517 2622 in
532 2542 954 2634 ziZDrgggipIs'irlbgelius
978 2602 1048 2636 pro
1079 2589 1260 2625 Caecilius
1288 2587 1513 2623 auctoritate
1538 2585 1648 2620 MSS.

347 2632 428 2668 Erl.
451 2645 483 2667 2.
506 2634 608 2678 Lips.
631 2645 660 2668 1.
681 2634 795 2670 Luth.

300 2677 337 2722 ἕ.
359 2689 430 2717 21„
445 2679 546 2725 Virg.
562 2680 602 2712 in
619 2681 675 2723 ΙΙ.
697 2682 791 2714 Aen.
822 2692 844 2715 2
868 2693 902 2725 4.
953 2681 1026 2716 Pro
1054 2683 1129 2716 Hei
1158 2680 1259 2716 edidi
1275 2681 1342 2722 Ei,
1368 2678 1471 2726 quod
1489 2676 1648 2712 Codices

346 2730 539 2769 praestant
568 2731 607 2758 et
636 2724 824 2761 editiones
847 2693 1025 2763 (senene.
1075 2730 1169 2762 Mox
1195 2738 1265 2772 pro
1290 2728 1454 2772 positum
1482 2735 1509 2759 ο
1526 2722 1643 2758 Codd.

347 2770 477 2816 recepi
499 2771 674 2817 positam.
1519 2788 1522 2794 ·
