1748 3112
272 212 350 254 152
555 222 558 225 ’
628 212 865 257 LIB.1v.
927 213 1069 265 CAR
1102 215 1313 257 111.1v.·

201 341 245 366 20
270 316 384 368 ctori
399 322 659 367 auctoritas.
717 324 1017 384 Excipiuntur
1047 341 1200 383 pauca,
1231 328 1394 383 quaeb
1413 328 1544 385 avelp
1565 327 1667 376 sino

268 397 288 424 s
307 382 474 423 habent
490 392 593 422 ante
615 395 683 423 er:
715 384 826 424 haec
856 382 975 426 enim
1010 382 1294 425 nominativo
1328 386 1561 433 assumunt,
1582 396 1667 434 tas.

268 448 322 480 ut
336 439 478 494 puber
498 439 722 494 pubertas,
753 441 864 481 uber
883 442 1072 487 ubertas,
1107 455 1269 496 pauper
1288 451 1533 498 paupertas.
1580 442 1668 485 sed

268 498 359 537 hoc
379 508 616 551 possumus
643 492 778 537 etiam
810 495 860 537 in
880 498 1101 539 secundae
1135 495 1450 541 declinationis
1468 496 1668 543 nomini-

269 552 354 593 bus
375 552 625 600 observare,
655 562 707 595 ut
735 553 1041 610 supradictum
1068 564 1146 596 est.
1208 555 1336 595 Unde
1355 552 1471 596 libet
1487 552 1667 596 libertas

271 605 402 660 facit3
433 622 556 664 asper
576 619 727 651 autem
750 621 794 651 et
810 624 1003 665 prosper,
1024 609 1126 666 quia
1148 624 1168 651 s
1185 611 1348 652 habent
1363 620 1466 652 ante
1483 607 1529 675 p,
1547 625 1669 667 aspe*

272 663 380 706 ritas
422 675 467 706 et
494 665 759 721 prosperitas
800 666 986 709 faciunt.
1049 667 1233 710 Saluber
1264 679 1308 709 et
1338 668 1528 708 salubris
1559 665 1669 710 facit

271 719 624 773 nominativum,
657 721 850 779 ideoque
869 721 1117 772 salubritas,
1139 733 1181 764 et
1200 724 1372 765 celeber
1390 724 1462 764 vel
1484 722 1672 765 celebris

273 776 519 819 celebritas.
580 783 713 822 Vetus
735 794 937 835 quoque,
969 781 1092 837 quod
1121 795 1263 822 unum
1293 778 1431 821 trium
1453 792 1672 835 generum

272 832 322 875 in
340 848 392 875 us
414 833 621 883 desinens
640 835 883 886 invenitur,
915 835 1199 878 nominativo
1219 834 1406 878 assumit
1426 846 1504 884 tas,
1536 846 1672 877 vetu-

273 900 376 932 stas.
407 891 710 948 Excipiuntur
730 891 867 934 etiam
885 895 1005 942 haec,
1023 907 1134 952 quae
1154 890 1203 933 in
1224 907 1273 935 or
1297 891 1549 934 desinentia
1569 907 1672 934 mu-

274 957 487 989 taverunt
509 948 623 990 orin
648 964 706 998 es,
740 960 782 991 et
811 960 1148 1006 assumpserunt
1178 960 1254 998 tas,
1287 953 1668 1002 majoraemajestam

197 1005 250 1040 IV
273 1005 420 1046 honor
447 1006 669 1048 honestas.
728 1009 843 1050 Sunt
871 1006 956 1048 alia
994 1005 1042 1047 in
1077 1020 1120 1047 as
1153 1004 1513 1052 denominativa,
1557 1018 1674 1060 quae

205 1063 246 1087 2¹
273 1061 519 1116 plerunque
546 1060 714 1103 similia
737 1074 844 1104 sunt
871 1061 1127 1105 accusativo
1149 1061 1312 1118 plurali
1334 1059 1677 1116 primitivorum-

273 1131 476 1166 suorum,
510 1129 554 1158 et
575 1129 680 1160 sunt
701 1118 972 1166 communia,
993 1130 1042 1159 ut
1063 1117 1242 1173 primas,
1263 1117 1465 1174 optimas,
1498 1118 1674 1165 Raveus

217 1207 220 1209 >
273 1187 367 1221 nas,
399 1175 611 1230 Capenas,
641 1174 895 1224 Crotonias,
913 1174 1115 1232 Arpinas,
1145 1173 1341 1226 Pontias,
1372 1172 1536 1223 Latias,
1558 1187 1674 1230 quae

363 1336 532 1372 tionibus
558 1338 734 1383 vulgatis,
771 1340 948 1385 infidelis,
974 1339 1081 1379 celer,
1115 1343 1254 1380 auctor,
1278 1337 1319 1371 in
1389 1337 1471 1373 ihus
1492 1336 1674 1372 omitten-

368 1382 424 1416 dis
444 1383 624 1430 equidem
642 1396 687 1419 eo
706 1384 885 1419 fidentius
905 1386 1013 1420 MSS.
1037 1385 1138 1430 Lips.
1164 1396 1192 1418 1.
1213 1383 1324 1418 Luth.
1375 1384 1480 1418 wicc.
1508 1396 1537 1418 1.
1561 1396 1592 1418 2.
1615 1394 1673 1418 se-

366 1434 476 1462 cutus
502 1441 598 1472 sum,
643 1441 730 1465 cum
754 1430 946 1465 Prisciano
971 1431 1088 1464 talem
1115 1429 1455 1464 inconcinnitatem
1492 1432 1602 1474 (nam
1632 1429 1676 1464 in

365 1475 680 1511 antecedentibus
704 1477 957 1512 nominativos
983 1479 1240 1522 apposuerat‚)
1267 1476 1385 1509 amari
1401 1477 1522 1522 probe
1540 1476 1670 1510 sciam.

319 1530 355 1577 §-
375 1543 430 1566 20.
457 1533 553 1586 urz-de
582 1532 860 1588 liber-libertas,
908 1536 953 1570 In
974 1535 1066 1588 Edd.
1090 1533 1327 1586 desideratur
1338 1531 1454 1578 facit,
1479 1533 1678 1613 {uod-ego

367 1588 390 1612 e
405 1578 535 1613 Mss1s
556 1579 758 1616 Cod1c1hus
778 1581 890 1615 Luth.
914 1583 1046 1616 Zwicc.
1064 1594 1091 1615 1.
1110 1593 1141 1614 2.
1164 1581 1265 1625 Lips.
1283 1592 1312 1614 1.
1327 1592 1358 1614 2.
1380 1580 1480 1613 Dres
1509 1605 1517 1614 .
1537 1579 1672 1623 adject-

319 1645 356 1690 §.
377 1649 433 1680 21.
461 1647 552 1680 Cato
581 1648 786 1681 Censorius.
835 1649 1020 1682 Nonnulli
1048 1649 1167 1684 Codd.
1197 1649 1430 1683 Censorinus.
1477 1647 1583 1682 Nihil
1615 1653 1672 1682 ta-

364 1702 470 1735 men,
494 1698 603 1738 puto,
627 1693 861 1728 mutandum.
912 1694 1004 1729 Cod.
1027 1695 1202 1730 Heidelb.
1225 1695 1327 1728 inter
1351 1694 1472 1728 lineas
1499 1693 1594 1731 haec
1613 1704 1676 1728 re·

366 1737 466 1774 fert:
495 1739 668 1772 Censores
690 1739 907 1774 dicebantur
927 1742 1076 1785 judices
1097 1753 1234 1776 morum
1257 1747 1295 1774 et
1307 1741 1626 1786 patrimoniorum.

320 1795 514 1832 haeredem
530 1809 642 1832 sacra
660 1810 734 1832 non
751 1804 965 1844 sequuntur.
990 1799 1094 1832 Haec
1115 1805 1173 1832 est
1192 1797 1310 1832 lectio
1331 1795 1514 1831 Codicum
1532 1796 1675 1831 Μεδο-

364 1853 453 1876 rum
481 1842 594 1878 Luth.
615 1843 695 1878 Erl.
722 1856 750 1878 1.
771 1844 872 1890 Lips.
896 1856 927 1878 2.
948 1855 981 1888 5.
1016 1843 1240 1878 Editionum
1270 1843 1363 1876 Ven.
1390 1853 1419 1875 1.
1443 1853 1475 1876 2.
1493 1840 1576 1875 Ald.
1600 1842 1672 1876 Co-

366 1886 446 1923 lon.
464 1889 549 1922 Bas.
570 1889 721 1924 Putsch.
741 1891 822 1924 MS.
843 1889 978 1924 Dresd.
1001 1891 1176 1935 sequitur.
1226 1889 1307 1922 MS.
1331 1886 1410 1921 Erl.
1436 1899 1467 1921 2.
1490 1899 1563 1920 non
1583 1899 1674 1922 eon-

368 1941 581 1980 sequuntur.
629 1936 678 1969 At
696 1947 785 1970 vero
806 1936 948 1970 aMSS.
969 1935 1141 1970 Heidelb.
1165 1934 1298 1969 Zwicc.
1324 1946 1352 1967 1.
1375 1946 1405 1968 2.
1428 1933 1530 1979 Lips.
1556 1945 1585 1967 1.
1608 1933 1673 1968 ab·

369 1984 428 2014 ost
445 1990 521 2014 non
537 1986 577 2014 et
588 1992 658 2027 pro
687 1989 890 2027 sequuntur
914 1981 1056 2026 legitur
1075 1987 1354 2026 consequuntur.
1393 1979 1454 2013 Cf.
1476 1979 1559 2014 Lib.
1583 1980 1679 2014 vn..

369 2026 405 2070 5.
427 2026 484 2059 60.
534 2027 581 2061 In
598 2033 704 2062 tanta
720 2027 895 2061 lectionis
917 2026 1147 2068 diversitate,
1174 2027 1306 2072 reique
1327 2025 1457 2071 ipsius,
1484 2036 1580 2072 quae
1595 2031 1673 2059 tra-

369 2077 508 2114 ctatur,
534 2073 777 2116 obscuritate,
803 2085 888 2108 cum
915 2074 1007 2118 ipse,
1033 2072 1124 2118 quid
1143 2072 1385 2106 statuendum
1410 2078 1524 2114 esset,
1549 2071 1673 2106 incer-

369 2123 430 2151 tus
447 2116 668 2163 haererem,
704 2120 833 2153 literas
863 2119 949 2153 dedi
976 2119 1022 2153 ad
1043 2119 1175 2152 Virum
1203 2118 1438 2152 humanitate
1465 2117 1610 2163 pariter
1627 2129 1673 2151 ac

369 2162 571 2197 literarum
588 2164 810 2200 Latinarum
830 2165 988 2200 scientia
1012 2164 1212 2210 insignem,
1239 2163 1572 2207 Godeschalkium,
1607 2163 1670 2197 Iu-

370 2208 642 2244 risconsultum
670 2218 822 2246 nostrae
848 2211 951 2246 urhis
971 2211 1282 2252 celeberrimum,
1310 2210 1373 2256 qui
1400 2209 1494 2244 haec
1519 2219 1671 2248 mcum

370 2255 684 2290 communicavit:
719 2257 932 2301 „Equidem
958 2257 1116 2301 probam
1139 2263 1361 2308 rectamque
1379 2265 1516 2289 censeo
1535 2253 1671 2288 lectio·

370 2311 461 2336 nem
472 2312 564 2338 enon.
613 2302 762 2349 Quippe
788 2301 862 2336 fuit
889 2302 987 2348 apud
1009 2303 1198 2336 Romanos
1226 2303 1318 2344 juris
1337 2300 1446 2342 certi,
1471 2311 1576 2334 sacra
1619 2300 1671 2333 ri·

313 2350 318 2355 ’
370 2352 469 2389 vata,
498 2357 595 2392 quae
621 2354 663 2381 ut
681 2354 866 2394 perpetua
883 2354 1022 2390 essent,
1049 2346 1290 2385 decemvirali
1311 2346 1398 2390 lege
1414 2352 1566 2380 cautum
1617 2357 1671 2380 ie-

371 2398 443 2435 ret,
469 2403 618 2438 semper
635 2394 840 2428 haeredem
871 2394 990 2439 sequi.
1042 2394 1170 2439 Quare
1190 2393 1221 2426 si
1245 2391 1470 2434 Priscianus,
1494 2391 1555 2427 vel
1575 2393 1671 2436 Cato

343 2454 346 2458 ’
369 2436 496 2485 potius
512 2438 722 2482 retulisset,
745 2439 947 2485 municipis
967 2438 1169 2485 Arpinatis,
1196 2437 1260 2485 esui
1287 2444 1457 2472 mortuus
1476 2443 1590 2481 esset,
1614 2449 1671 2472 sa-

319 2485 322 2489 ’
372 2494 437 2519 cra
461 2483 668 2520 haeredem
695 2486 815 2532 sequi,
839 2490 987 2528 vereor,
1013 2497 1076 2527 ne,
1103 2485 1204 2531 quod
1232 2495 1302 2530 per
1330 2495 1370 2517 se
1389 2483 1672 2529 intelligeretur

371 2528 561 2576 nemoque
579 2530 795 2576 ignoraret,
822 2531 977 2567 doceret
989 2556 998 2573 ,
1025 2542 1111 2566 cum
1130 2530 1248 2564 hocce
1261 2531 1345 2573 jure
1365 2541 1496 2564 omnes
1515 2533 1670 2564 uteren—

371 2576 554 2612 tur·cives
575 2577 747 2613 Romani.
797 2577 1016 2624 Adstipulor
1041 2577 1169 2622 itaque
1200 2577 1259 2619 iis,
1287 2576 1350 2623 qui
1368 2576 1565 2622 Arpinates
1582 2574 1670 2608 ’sin-

369 2620 593 2670 gularivjure
612 2634 713 2667 usos,
739 2630 778 2659 et
798 2624 839 2658 in
855 2623 928 2658 isto
945 2622 1151 2668 municipio
1176 2623 1277 2656 hunc
1293 2623 1440 2656 mor'em
1460 2621 1669 2656 obtinuisse

373 2674 545 2716 censent,
569 2676 610 2704 ut
629 2682 823 2713 sacrorum
840 2681 934 2706 onus
959 2681 1036 2704 non
1053 2669 1234 2703 transiret
1253 2669 1292 2702 in
1309 2668 1505 2702 haeredes.
1556 2665 1670 2711 Quod

370 2727 421 2755 ne
443 2721 591 2756 temeto
624 2716 780 2756 {dixi-sse-
797 2716 948 2766 vitient,
999 2715 1144 2752 duobus
1181 2721 1267 2750 utar
1293 2715 1464 2750 testibus.
1523 2712 1671 2750 rrimus
