1748 3112
338 297 421 340 516
785 293 1285 338 LIB.X1.CAP.1.

342 407 560 469 gerundia
592 410 664 450 vel
691 406 1008 466 participialia,
1047 423 1150 452 cum
1182 407 1422 452 videantur
1456 416 1504 452 ea‘
1537 406 1744 453 diversos

294 487 315 511 2
341 481 564 511 assumere
581 480 721 509 casus.
767 467 874 507 Ideo
895 476 1042 508 autem
1060 465 1353 523 participium
1381 467 1619 532 separatim
1644 480 1744 508 non

338 525 568 566 tradebant
589 533 762 588 partem
793 521 1019 572 orationis,
1053 524 1174 579 quod
1209 525 1336 565 nulla
1360 523 1445 566 alia
1461 539 1560 590 pars
1584 522 1748 565 oratio-

338 581 408 623 nis
438 595 621 636 semper
638 578 688 620 in
721 578 998 621 derivatione
1023 592 1111 629 est,
1158 582 1328 622 nullam
1362 579 1593 645 propriam
1625 577 1745 637 posi·

337 638 511 679 tionem
539 638 717 701 habens,
751 635 837 678 nisi
859 635 1157 692 participium.
1219 639 1430 680 Caeterae
1456 652 1579 679 emm
1601 647 1748 701 partes

337 693 482 759 prima
508 692 802 750 impositione
830 691 1042 735 inventae
1073 705 1202 744 mut,
1234 696 1287 735 ad
1323 708 1457 759 quam
1489 691 1748 736 derivativa

340 749 478 794 etiam
497 761 715 815 aptantur.
778 749 937 793 Omnis
968 750 1088 792 enim
1110 766 1207 815 pars
1230 761 1447 815 oratio-ms
1536 763 1748 806 ocunque

338 808 475 850 modo
506 805 752 848 derivativa
781 806 891 847 vel'
878 822 926 847 m
953 806 1107 848 eadem
1142 806 1332 849 notione
1352 806 1448 849 sive
1472 765 1748 848 &finitione

338 862 563 922 primitivi
589 861 660 904 sui
693 861 935 929 accipitur,
966 874 1010 904 et
1030 865 1218 905 eandem
1237 865 1368 906 habet
1387 862 1432 905 ei
1476 861 1748 904 divisionem

340 932 384 963 et
404 921 558 962 eadem
581 919 955 985 accidentia31vel
985 919 1035 961 in
1057 919 1185 962 aliud
1209 921 1361 985 quod'
1348 934 1438 972 Jam
1462 930 1565 962 ante
1587 929 1679 961 erat
1703 915 1745 959 ei

339 976 626 1042 suppositum
654 975 703 1018 in
727 975 908 1033 propria
929 976 1120 1018 naturali
1152 976 1392 1044 positione.
1454 977 1585 1018 Unde
1612 975 1748 1017 etiam

339 1033 644 1076 derivativum
676 1045 863 1099 p1opter
892 1032 1245 1075 similitudinem
1282 1038 1374 1086 ejus
1399 1033 1555 1090 quod
1542 1046 1631 1086 Jam
1654 1041 1748 1073 erat

339 1101 442 1133 ante
464 1105 515 1131 ex
535 1106 582 1132 se
604 1101 766 1143 ortum,
796 1089 851 1133 ei
863 1091 1120 1145 addebatur,
1154 1101 1206 1132 ut
1237 1102 1364 1146 pater
1395 1103 1578 1136 nomen,
1611 1098 1656 1144 et
1673 1101 1748 1152 pa-

338 1159 494 1191 ternus
525 1161 707 1191 nomen.
769 1145 991 1189 Similiter
1013 1162 1089 1188 rex
1121 1158 1165 1189 et
1186 1147 1366 1202 regalis,
1398 1158 1557 1188 taurus
1576 1155 1627 1186 et
1643 1131 1748 1209 taul

339 1203 466 1246 rinus
494 1203 693 1246 nomina.
754 1202 984 1270 Quicquid
1012 1204 1131 1245 enim
1158 1203 1323 1246 accidit
1351 1201 1602 1260 primitivo,
1630 1199 1748 1244 acci·

341 1260 412 1302 dit
434 1259 570 1301 etiam
605 1259 870 1304 derivativo.
929 1262 1096 1303 Ferveo
1124 1262 1317 1302 verbum
1348 1270 1392 1302 et
1423 1260 1638 1301 fervesco
1647 1270 1748 1300 vera

273 1326 283 1331 ‘
337 1318 464 1360 bum.
526 1315 740 1359 Similiter
773 1317 891 1359 facio
923 1327 967 1359 et
1001 1317 1193 1370 facesso,
1227 1316 1363 1358 video
1387 1326 1431 1358 et
1459 1314 1582 1366 viso,
1612 1313 1748 1357 v'erbn

339 1384 448 1416 sunt
469 1375 522 1414 ab
545 1372 738 1418 eodem
723 1389 772 1414 ιιι
795 1373 930 1415 idem.
990 1375 1077 1416 sed
1099 1373 1237 1415 etiam
1260 1375 1385 1422 bene,
1416 1371 1748 1420 malepdorivaa

339 1430 435 1472 tiva
463 1429 675 1471 adverbia
698 1444 721 1470 a
738 1428 1004 1472 nominibus
1030 1431 1083 1472 ab
1108 1430 1195 1471 alio
1229 1431 1282 1471 ad
1306 1430 1427 1471 aliud
1449 1429 1511 1469 ad
1524 1426 1747 1470 similitu-

341 1485 496 1528 dinem
519 1497 621 1527 nata
650 1497 756 1528 sunt
776 1496 880 1527 ante
910 1486 958 1527 in
979 1485 1157 1550 propria
1180 1485 1406 1543 positione
1436 1483 1748 1533 inventorum,

340 1553 402 1584 ut
414 1556 550 1607 pene,
571 1557 757 1607 nempe,
782 1543 897 1584 fere:
928 1545 1038 1584 haec
1061 1558 1182 1584 emm
1202 1557 1224 1583 a
1248 1557 1294 1584 se.
1314 1554 1408 1585 orta
1427 1551 1550 1584 sunt.
1609 1539 1748 1599 Quies

343 1599 456 1655 quid
478 1597 603 1640 enim
624 1598 792 1640 accidit
811 1596 898 1647 his,
928 1598 1095 1641 accidit
1113 1598 1247 1641 etiam
1272 1598 1376 1653 illis,
1408 1609 1452 1642 et
1472 1598 1604 1657 quod
1610 1610 1748 1643 suun

297 1675 320 1709 5
345 1667 412 1698 est
433 1654 778 1704 adverbiorum,
810 1670 889 1711 per
910 1655 1065 1721 omnia
1094 1658 1226 1698 verba
1249 1666 1448 1698 currunt
1486 1650 1748 1719 Quantum

340 1726 444 1770 ergo
465 1711 527 1753 ad
541 1712 646 1761 hore,
668 1711 724 1752 id
750 1722 815 1753 est
837 1711 992 1777 quod‘
979 1727 1028 1752 ιιι
1049 1710 1252 1778 primitix
1259 1711 1297 1753 is
1321 1723 1364 1754 et
1386 1712 1437 1754 in
1458 1725 1536 1754 sua
1557 1708 1748 1768 positia*

338 1784 398 1812 ne
415 1782 513 1811 non
532 1768 832 1809 inveniuntur
861 1767 1122 1833 participia,¹
1154 1768 1370 1811 videntur
1388 1768 1528 1812 Stoici
1549 1770 1664 1810 bene
1686 1769 1748 1810 fot

339 1826 462 1869 cisse.
526 1826 614 1867 Sed
641 1839 790 1866 rursus
821 1825 1030 1889 prohibet
1062 1838 1114 1867 ea
1146 1840 1238 1867 esse
1270 1825 1455 1867 nomina
1486 1821 1748 1881 temporum*

341 1878 623 1924 diversorum
650 1880 921 1945 assumptio,
953 1897 1063 1938 quae
1083 1881 1167 1924 fit·
1154 1896 1202 1923 m
1227 1882 1424 1939 propriis
1451 1883 1748 1947 transfigam-³

339 1937 540 1980 tionibus
563 1938 619 1979 ad
636 1936 982 1979 similitudinem
1001 1940 1257 1981 verborum.
1316 1940 1409 1982 Sed
1424 1938 1462 1980 ei
1482 1937 1585 1995 quib
1605 1936 1748 1987 dicati

340 1997 469 2059 quod
485 1992 670 2037 nomina
696 2007 875 2058 quoque
903 1996 1040 2035 multa
1061 1993 1360 2036 inveniuntur
1380 1993 1744 2060 tempusagijtffi

339 2047 910 2107 cantia,¹respondebimus,
943 2052 1066 2108 quod
1091 2053 1180 2093 hoc
1211 2050 1398 2094 interest
1417 2049 1549 2092 iuter
1556 2049 1746 2111 pattici-

1686 2133 1690 2140 ι
1710 2130 1711 2133 ¹
1727 2116 1748 2144 δ’

357 2214 418 2260 ·..5
439 2227 472 2251 2.
499 2226 640 2261 semper
671 2213 711 2251 in
731 2214 962 2253 derivatione
992 2220 1060 2249 est.
1108 2213 1181 2258 Rei
1183 2215 1242 2250 eci
1259 2222 1328 2260 est,
1352 2213 1486 2262 quod
1473 2227 1515 2250 m
1531 2214 1643 2259 libris
1655 2204 1748 2261 νὼ

431 2262 527 2307 gatis
544 2266 634 2306 post
649 2271 791 2305 semper
811 2260 953 2306 legitur
969 2260 1017 2294 ad
1035 2227 1181 2296 finem.J

382 2328 513 2398 quocod
549 2329 595 2352 ue
621 2318 725 2350 modo
751 2318 974 2353 derivativa.
1008 2318 1154 2363 Vulgo,
1190 2321 1371 2357 derivata,
1417 2300 1538 2355 Illud
1538 2268 1748 2427 praestflq}

543 2358 705 2399 .Zwicc.
726 2374 758 2397 2.
779 2362 883 2407 LiPS.
907 2376 937 2397 2.
959 2363 1135 2398 Heidelb
1155 2366 1312 2418 aliique.

382 2414 424 2454 in
441 2419 567 2452 eadem
584 2416 732 2453 notione
752 2419 832 2453 sive
853 2419 1078 2463 definilione.
1122 2421 1230 2456 Libri
1250 2421 1390 2467 vulgati
1409 2434 1479 2468 pro
1499 2413 1659 2468 recepto
1676 2396 1746 2456 ab&

427 2464 543 2498 lativo
564 2465 744 2499 exhibent
762 2465 1029 2509 accusativum,
1055 2478 1168 2511 quem
1188 2468 1366 2503 damnant
1389 2470 1508 2504 Codd.
1521 2468 1637 2503 Luth.
1645 2467 1739 2502 Hei-

429 2510 528 2544 delb.
550 2511 629 2544 Erl.
650 2523 682 2545 2.
711 2510 848 2545 Dresd.
878 2511 980 2555 Lips.
1006 2523 1036 2545 1.
1059 2524 1092 2556 5.
1122 2514 1217 2548 Edd.
1221 2519 1230 2543 θ
1247 2515 1340 2549 Ven
1365 2527 1395 2550 1.
1419 2528 1451 2551 2.
1479 2515 1561 2552 Erl.
1586 2527 1617 2550 1.
1648 2512 1741 2555 ant&

427 2548 711 2592 correctionem
728 2556 889 2591 eandem
913 2559 1127 2603 praestabat
1144 2559 1362 2596 lectionem.

364 2614 531 2660 propria
543 2611 730 2648 naturali.
759 2614 1041 2667 Inter-ponitur
1068 2615 1125 2650 his
1155 2617 1268 2663 vulgo
1289 2617 1507 2663 conjunctio
1530 2623 1583 2659 et,
1604 2627 1735 2671 «psam,

427 2670 514 2694 cum
533 2659 671 2694 omissa
688 2660 736 2693 sit
755 2660 795 2694 in
813 2661 920 2696 MSS.
943 2662 1022 2696 Erl.
1049 2674 1078 2696 1.
1102 2675 1134 2697 2.
1156 2663 1259 2710 Lips
1276 2677 1305 2700 1.
1319 2663 1510 2708 Heidelbss,
1528 2672 1613 2714 egp
1619 2662 1737 2717 etiam

391 2703 803 2751 praetermittendam
826 2718 909 2742 esse
928 2706 1026 2742 duxi.
1054 2711 1057 2713 ’

367 2758 429 2811 ab
451 2765 574 2799 eodem
603 2763 654 2803 in
663 2765 769 2798 idem.
818 2765 901 2799 Ms.
919 2763 1022 2810 Lips.
1046 2778 1078 2800 2.
1091 2746 1184 2821 ergo
1205 2766 1252 2801 ab
1281 2769 1404 2802 eodem
1421 2769 1462 2802 in
1484 2768 1597 2802 Idem
1628 2767 1735 2818 Po*

421 2812 518 2845 nlzta
537 2810 665 2846 &unte
686 2808 802 2844 Codd.
823 2810 900 2845 Erl.
926 2823 955 2846 1.
978 2823 1010 2847 2.
1033 2809 1135 2858 Lips.
1162 2825 1190 2850 ι.
1214 2826 1246 2849 2.
1268 2813 1442 2850 Heidelh.
1464 2813 1586 2858 adjeci
1603 2819 1706 2855 wle-
