1748 3112
283 226 363 270 150
706 229 827 271 ms.
850 212 946 273 '1v.‘·
992 227 1129 272 CAP.
1157 231 1252 272 ⁴111.

282 355 307 383 a
338 339 413 383 filo
444 340 644 391 filamen,
692 343 817 400 quod
844 357 920 399 per
950 347 1192 400 syncopam
1223 341 1238 383 i
1270 343 1433 389 flamen
1461 341 1670 398 dicimini

281 399 318 441 A
361 400 562 441 canendo
613 409 762 442 tamen
809 398 1060 456 composita
1103 400 1346 441 masculina
1385 401 1517 452 sunt,⁴
1560 414 1672 459 quae

282 452 332 496 in
356 468 440 497 cen
473 454 722 510 desinentia
743 453 757 496 i
781 467 1030 513 correptam
1055 455 1221 498 habent
1253 454 1573 513 penultimam,
1606 457 1673 502 tu-

282 509 432 560 bicen,
462 510 689 561 cornicen,
709 509 884 556 fidicen.
925 511 1160 568 Excipitur
1181 528 1321 554 unum
1343 505 1525 571 tibicen,
1552 511 1675 570 quod

283 567 387 609 ideo
406 569 552 610 solum
575 566 591 608 i
613 568 878 625 productam
897 568 1056 611 habuit
1075 568 1387 624 penultimam,
1412 567 1540 629 quod
1565 569 1676 624 syn-¹

283 624 443 666 aeresis
475 626 590 667 facta
619 635 684 666 est
715 626 909 667 duorum
939 624 973 666 ii
1005 624 1212 667 brevium
1241 624 1291 668 in
1314 640 1452 669 unam
1478 622 1675 687 longam,-

283 680 456 723 Debuit
488 679 651 724 enimi
673 680 907 739 geminari,
941 681 1046 739 quia
1075 684 1188 723 solet
1216 684 1465 739 plerunque
1485 681 1533 726 in
1548 696 1679 724 com-

284 736 514 793 positione
543 753 566 779 a
587 737 668 780 ini
690 737 906 786 converti,
940 748 992 780 ut
1012 739 1122 780 cado
1158 737 1328 787 incido,
1362 737 1479 781 facio
1505 736 1677 791 inficio,

285 792 399 846 jacio
425 793 604 846 injicio,
647 795 827 848 rejicio,
860 794 1030 837 amicus
1062 792 1299 844 inimicus,
1339 797 1445 837 tuba
1473 792 1678 837 tubicen.

287 848 364 892 Sic
385 864 490 907 ergo
516 850 629 893 tibia
648 850 832 894 tibiicen
860 850 1073 900 faciebat,
1105 866 1157 892 ex
1180 865 1269 908 quo
1291 852 1458 895 factum
1479 861 1545 894 est
1569 849 1681 892 tibi-⁷

286 920 387 950 cen.
445 910 557 956 Nec'
572 909 719 950 solum
745 907 782 956 i,
816 910 894 950 sed
924 907 1035 950 aliae
1065 922 1244 965 quoque
1263 909 1436 950 vocales
1453 906 1503 949 in
1522 905 1679 949 multis

289 962 585 1014 dictionibus,
617 963 684 1007 sic
706 966 852 1006 solent
880 981 931 1006 ex
959 965 1126 1017 duabus
1145 964 1321 1018 syllabis
1350 963 1401 1006 in
1426 978 1559 1007 unam
1582 964 1679 1004 lon·

287 1034 389 1075 gam
411 1019 618 1069 transire,
651 1032 700 1063 ut
728 1020 906 1079 bijugae
937 1021 1083 1077 bigae,
1115 1020 1402 1078 quadrijugae
1423 1018 1678 1078 quadrigae.

285 1075 417 1118 binni
435 1076 546 1119 bini.
590 1081 647 1120 Et
668 1093 690 1118 e
713 1075 935 1119 contrario
959 1092 1045 1118 una
1066 1078 1197 1133 longa
1218 1076 1266 1117 in
1288 1079 1396 1118 duas
1413 1078 1570 1118 breves
1590 1089 1682 1117 sae·

287 1147 346 1188 pe
367 1134 480 1175 solet
509 1133 786 1192 temporibus
809 1133 969 1180 dividi.
1002 1133 1229 1174 admittier
1257 1147 1339 1190 pro
1362 1130 1556 1184 admitti,
1585 1129 1682 1174 fieri

287 1203 368 1246 pro
387 1188 457 1230 firi
485 1192 559 1231 vel
586 1191 677 1238 fire,
710 1191 833 1245 quod
853 1188 995 1246 magis
1026 1191 1263 1247 analogum
1294 1200 1373 1236 est.
1433 1188 1561 1231 Unde
1588 1185 1682 1242 Vir-3

289 1243 366 1301 gil.
389 1243 437 1288 in
458 1249 527 1290 IV.
553 1246 827 1303 Georgicon:
857 1248 920 1287 At
939 1248 1082 1297 suffire
1103 1249 1256 1300 thymo,
1288 1260 1485 1299 cerasque
1503 1243 1683 1285 recidere

221 1307 264 1343 18
288 1304 462 1352 inanes,
520 1307 617 1358 qais
659 1305 832 1343 dubitet.
900 1306 950 1344 In
979 1317 1026 1343 ar
1073 1301 1324 1343 desinentia
1367 1299 1612 1342 derivativa
1643 1299 1684 1343 si

287 1371 613 1401 consonantem
637 1361 826 1400 habeant
853 1370 955 1399 ante
976 1372 1034 1406 ar,
1066 1358 1313 1414 penultima
1335 1357 1685 1414 syllabaprodu-

289 1411 428 1459 citum
457 1415 529 1456 sin
553 1417 770 1462 vocalem,
802 1413 1059 1470 corripitur,
1092 1425 1143 1456 ut
1171 1428 1320 1455 caesus
1357 1416 1530 1462 Caesar,
1562 1415 1683 1455 lacus

288 1470 480 1521 lacunar,
511 1474 616 1528 lupa
634 1472 832 1526 lupanar,
864 1471 1047 1527 laqueus
1068 1481 1216 1512 autem
1236 1473 1426 1528 laquear.
1472 1472 1521 1511 ln
1539 1485 1586 1524 er
1609 1470 1682 1511 de-

290 1523 482 1569 rivativa
505 1543 530 1570 a
559 1526 822 1570 nominibus
857 1528 1068 1583 pleraque
1087 1542 1105 1568 s
1128 1537 1172 1568 et
1192 1538 1209 1568 t
1232 1529 1393 1568 habent
1415 1537 1517 1573 ante
1538 1540 1598 1579 er,
1629 1537 1682 1567 ut

290 1595 425 1638 eques
455 1595 675 1641 equester,
706 1585 836 1640 pedes
861 1584 1075 1639 pedester,
1108 1582 1216 1624 silva
1250 1582 1467 1630 silvester,
1500 1596 1681 1638 campus

289 1651 552 1695 campester,
574 1640 726 1698 apium
746 1639 943 1692 apiaster,
978 1640 1074 1679 olea
1097 1641 1294 1681 oleaster.
1353 1643 1410 1681 Et
1430 1637 1681 1693 sciendum,

290 1697 454 1751 quoda
477 1699 644 1739 habent
670 1707 773 1738 ante
800 1707 914 1745 ster,
946 1708 1051 1737 cum
1073 1695 1122 1736 in
1153 1696 1338 1738 nomine
1368 1694 1536 1752 primae
1563 1694 1682 1751 posi-

288 1750 427 1793 tionis
455 1754 579 1795 nulla
609 1751 670 1796 sit
702 1766 952 1805 consonans
976 1750 1092 1792 inter
1123 1755 1298 1795 vocales
1328 1750 1604 1809 penultimae
1638 1761 1684 1793 et

289 1806 474 1851 ultimae
494 1811 705 1864 syllabae,
737 1821 788 1851 ut
808 1807 961 1865 apium
983 1807 1192 1863 apiaster‚
1227 1811 1320 1851 olea
1352 1810 1547 1850 oleaster.
1595 1805 1682 1860 ,Di-

287 1863 516 1909 minutiva
549 1880 725 1923 quoque
755 1863 1061 1917 huJuscemodi
1093 1865 1283 1914 formae.
1321 1867 1375 1906 de
1411 1863 1572 1918 quibus
1593 1867 1682 1916 jam

291 1918 501 1970 diximus,
522 1937 546 1964 a
565 1924 732 1964 habent
754 1932 856 1962 ante
876 1930 978 1968 ster,
1000 1919 1292 1975 parasitaster,
1325 1920 1558 1966 surdaster,
1588 1920 1684 1961 An-

289 1976 530 2028 toniaster,
571 1979 831 2023 Catulaster.
892 1975 988 2018 Alia
1020 1990 1124 2018 vero
1155 1977 1307 2020 omnia
1334 1992 1359 2019 e
1386 1977 1550 2018 habeut
1578 1985 1682 2017 ante

384 2140 503 2175 Codd.
524 2141 636 2176 Luth.
660 2141 793 2176 Zwicc.
821 2154 849 2175 1.
875 2153 906 2174 2.
935 2139 1071 2175 Dresd.
1101 2141 1203 2187 Lips.
1229 2153 1258 2175 1.
1282 2153 1315 2176 2.
1343 2140 1422 2175 Erl.
1444 2152 1473 2174 1.
1499 2152 1531 2175 2.
1559 2138 1683 2178 secuti

336 2188 339 2190 '
381 2197 512 2222 veram
529 2188 737 2223 lectionem
762 2186 1012 2232 reposuimus.
1635 2188 1638 2190 ’

335 2242 496 2287 tubicen,
519 2246 695 2278 cornicen.
745 2243 839 2276 Edd.
860 2243 1002 2278 addunt
1024 2244 1164 2285 liticen,
1189 2242 1290 2288 quod
1308 2254 1330 2276 a
1350 2242 1466 2277 Codd.
1487 2241 1680 2287 plerisque

380 2289 499 2324 abest.
548 2290 643 2324 Mox
661 2290 808 2322 duorum
823 2289 1031 2323 secundum
1047 2289 1154 2322 MSS.
1177 2288 1309 2322 Zwicc.
1335 2300 1363 2321 1.
1387 2299 1418 2322 2.
1442 2287 1552 2321 Luth.
1575 2287 1677 2332 Lips.

385 2346 416 2368 ι.
432 2335 510 2370 Erl.
537 2347 566 2369 1.
587 2346 656 2380 pro
678 2336 829 2368 duarum
846 2333 992 2380 scripsi.

342 2382 442 2427 Virg.
464 2382 505 2415 in
522 2383 652 2428 quart'o
672 2382 799 2425 Georg.
849 2380 918 2414 Est
931 2391 1061 2414 versus
1082 2391 1158 2423 241.

337 2438 371 2482 §.
400 2442 453 2476 18·
480 2451 499 2472 s
525 2445 562 2472 et
590 2443 606 2470 t
631 2436 748 2472 Codd.
777 2435 910 2471 Zwicc.
936 2449 966 2470 1.
988 2449 1019 2471 2.
1048 2436 1186 2471 Dresd.
1216 2435 1328 2470 Luth.
1357 2436 1458 2482 Lips.
1482 2449 1513 2472 2.
1543 2436 1622 2470 Erl.
1643 2449 1677 2471 2.

337 2483 611 2564 σοιᾮῗηὲἒηῗέἦι.
658 2527 898 2574 Singularem
923 2537 1126 2562 numerum
1151 2539 1221 2574 pro
1250 2528 1406 2572 plurali,
1442 2533 1561 2574 quem*
1582 2526 1676 2561 Edd.

382 2575 577 2618 exhibent,
596 2575 745 2609 restitui
765 2586 787 2607 e
806 2574 913 2609 MSS.
925 2573 1037 2608 Luth.
1059 2573 1160 2619 Lips.
1188 2586 1217 2608 1.
1239 2586 1269 2607 2.
1291 2574 1366 2608 Erl.
1391 2586 1419 2608 ι.
1443 2587 1475 2608 2.
1509 2574 1679 2619 Sequens

385 2621 535 2656 Hor-‘atii
552 2621 658 2655 locus
676 2620 867 2667 reperitur
895 2619 936 2654 in
955 2620 1074 2654 Sem.
1092 2621 1128 2662 J,
1148 2625 1181 2659 8.
1205 2632 1258 2653 vs.
1282 2629 1315 2663 5.
1365 2619 1517 2654 Deinde
1532 2624 1619 2663 post
1637 2619 1679 2652 in

385 2679 425 2700 or
443 2675 480 2702 et
498 2666 609 2702 omisi
626 2673 715 2716 ante
733 2679 776 2700 ur
791 2666 900 2702 MSS.
921 2665 1148 2701 auctoritate
1172 2666 1493 2711 praepositionem
1511 2665 1562 2697 in.

339 2725 373 2769 5.
397 2737 447 2771 19.
476 2726 639 2760 dictatus
660 2726 829 2768 dictator,
852 2730 980 2758 tonsus
997 2729 1135 2759 tonsor.
1181 2721 1276 2758 Edd.
1301 2724 1469 2767 dictator,
1505 2715 1677 2769 quaes-tus
