1748 3112
248 230 302 276 90
724 217 856 262 Lm.
887 219 950 260 11.
1012 216 1154 259 cAP.
1185 218 1271 263 1x;

248 341 423 388 ponunt
442 340 543 374 ante
563 343 628 378 us,
641 340 693 372 ut
705 332 966 379 Hectoreus,
978 331 1246 387 Agenoreus,
1260 329 1311 372 in
1329 340 1418 388 quo
1436 331 1647 376 similiter

247 392 377 431 lones
396 397 665 444 sequuntur:
698 385 763 427 illi
786 386 908 429 enim
932 401 1112 444 quoque
1141 386 1361 439 abjiciunt
1381 386 1398 429 i
1419 387 1640 442 in'sshujun-

247 442 428 487 cemodi
442 443 716 491 nominibus,
733 443 770 486 si
790 446 882 485 non
893 442 1125 500 genitivus
1147 442 1368 499 primitivi
1391 459 1470 501 par
1489 445 1549 489 sit
1563 459 1642 489 no·

246 500 472 543 minativo
491 499 745 558 possessivi,
767 514 898 556 quare
913 498 1137 555 Ἀχίλλειος
1157 499 1328 549 dicunt,
1361 515 1431 550 ne,
1451 502 1489 546 si
1512 500 1643 561 Ἀχίλῳ

245 564 340 609 λεος
362 557 527 605 dicant,
560 567 746 612 putetur
763 555 985 612 primitivi
1008 556 1250 614 genitivus,
1276 572 1387 614 quos
1406 569 1644 616 sequente·

246 614 294 656 in
309 616 394 655 hoc
416 614 552 656 etiarn
572 625 653 670 pro
668 613 709 655 ei
723 612 1002 669 diphthongo
1023 628 1046 655 e
1066 614 1245 671 longam
1256 614 1487 670 ponimus,
1498 615 1643 659 nohil-

243 672 340 712 leus
361 669 574 713 dicentes.
636 672 765 713 Unde
792 668 1001 726 Virgilius
1034 669 1085 711 in
1115 669 1272 715 tertio:
1304 673 1465 725 Stirpis
1484 673 1644 715 Achil-

243 729 330 767 leae
347 729 517 781 fastus.
592 725 811 782 Quamvis
845 724 1106 768 inveniatur
1137 726 1272 769 etiam
1295 742 1321 769 e
1356 739 1559 786 correpta
1590 727 1641 771 in

245 782 559 837 hujuscemodi
595 781 880 830 derivativis,
913 793 965 823 ut
987 781 1191 839 Virgilius
1220 783 1268 824 in
1295 787 1326 826 1.
1355 788 1474 826 Nate
1495 787 1643 839 patris

242 844 413 889 summi,
431 845 506 895 qui
527 842 611 880 tela
636 841 831 893 ΊῙγΡΙιοὲά
853 842 1016 879 temnis.
1050 841 1137 883 Sed
1157 839 1324 882 dicitur
1345 852 1390 883 et
1401 843 1643 896 Typhoeus

244 908 290 938 et
317 899 515 953 Typhon
545 903 590 938 et
623 898 819 952 Typhos.
884 898 1089 937 Lucanus
1127 894 1175 937 in
1204 896 1390 952 quinto:
1434 899 1641 940 Conditus

243 955 456 994 Inarimes
489 963 664 994 aeterna
691 955 797 992 mole
832 954 1058 1006 Typhoeus.
1117 954 1240 994 Idem
1272 952 1322 994 in
1350 953 1465 995 libro
1487 965 1639 997 sexto:

171 1019 217 1055 48
243 1012 468 1064 Antraque
494 1011 654 1064 lettseri
687 1011 849 1049 rabiem
879 1011 1091 1063 slfyplzonis
1120 1011 1336 1051 anhelant.
1396 1010 1640 1052 Inveniun-

240 1077 314 1108 tur
334 1078 481 1109 tamen
504 1067 720 1123 quaedam
742 1064 1069 1118 hujuscemodi,
1085 1064 1132 1106 in
1154 1064 1317 1122 quibus
1334 1065 1375 1110 ei
1395 1065 1642 1131 diphthon·
1656 1082 1672 1094 ⁸

240 1137 321 1179 gus
340 1122 389 1164 in
418 1123 433 1164 i
458 1125 533 1165 lon
567 1137 638 1163 am
672 1120 975 1169 convertitur,
1007 1132 1222 1176 sequente
1240 1137 1271 1162 u
1292 1123 1393 1164 loco
1417 1123 1643 1179 digamma

239 1178 436 1228 Aeolici,
464 1190 515 1220 ut
556 1185 730 1235 Αργεῖος
761 1176 973 1232 Argivus;
1007 1175 1175 1218 dicitur
1210 1188 1359 1220 tamen
1384 1189 1429 1220 et
1456 1181 1638 1237 Argeas.

238 1235 452 1277 Horatius
472 1235 521 1276 in
542 1239 593 1278 ΙΙ.
615 1232 902 1277 Carminum:
949 1235 988 1273 T
983 1235 1078 1273 ihm·
1098 1235 1240 1289 Argeo
1265 1237 1459 1288 positum
1478 1237 1638 1277 colono.

240 1293 375 1347 Quod
392 1292 440 1333 in
460 1290 635 1334 Latinis
654 1304 833 1347 quoque
853 1288 1206 1331 derivationibus
1225 1289 1474 1340 invenitur,
1505 1291 1552 1333 id
1573 1303 1640 1334 est

237 1347 488 1404 penultima
509 1347 525 1389 i
547 1349 679 1403 longa
702 1357 802 1388 ante
826 1361 854 1386 u
875 1356 1210 1394 consonantem,
1242 1357 1294 1387 ut
1320 1347 1636 1398 nominativus,

238 1404 487 1462 genitivus,
529 1402 732 1458 dativus,
761 1401 1066 1452 accusativus,
1106 1401 1403 1455 indicativus,
1442 1403 1639 1463 impera-

330 1626 496 1662 cundum
521 1626 630 1662 MSS.
661 1626 773 1661 Luth.
803 1625 978 1660 Heidelb.
1008 1625 1109 1670 Lips.
1144 1637 1177 1660 2.
1209 1625 1343 1661 Zwicc.
1376 1637 1409 1661 2.
1448 1626 1631 1662 mittebat.

328 1673 423 1706 Mox
440 1685 510 1719 pro
532 1679 589 1708 est
608 1680 730 1706 autem
756 1672 848 1706 Cod.
873 1671 974 1725 Lips.
997 1683 1029 1705 2.
1053 1677 1108 1704 ost
1127 1677 1262 1705 tamen.

252 1729 255 1734 ·
282 1719 393 1752 Iones
421 1730 493 1766 pro
522 1718 623 1764 vulg.
653 1722 770 1753 Ionas
797 1717 932 1763 scripsi
954 1717 1071 1752 Codd.
1093 1716 1230 1752 Dresd.
1251 1717 1352 1764 Lips.
1373 1730 1407 1754 2.
1428 1715 1632 1754 auetorita-

326 1769 379 1798 te.
429 1763 750 1800 Animadvertisse
779 1763 882 1798 enim
908 1763 1004 1798 mihi
1029 1762 1176 1805 videor,
1203 1763 1535 1800 Graecas-forms
1553 1777 1632 1801 nou

327 1822 468 1854 amare,
487 1811 632 1846 nedum
652 1816 804 1855 captare
824 1809 1069 1843 Priscianum.
1122 1809 1250 1853 Quare
1268 1809 1401 1843 scribit
1419 1821 1443 1842 α
1470 1820 1631 1855 osopum,

329 1858 525 1891 diaeresim
552 1863 592 1892 et
612 1855 759 1891 similia.
809 1857 892 1890 Hoc
908 1855 993 1889 loco
1023 1852 1196 1900 plerique
1218 1854 1336 1889 Codd.
1360 1866 1382 1888 e
1474 1861 1541 1890 ent
1561 1859 1629 1891 Io-

325 1914 409 1946 nas,
437 1901 531 1938 Edd.
554 1902 671 1939 etiam
687 1901 975 1936 vetustissimae.
1027 1901 1100 1934 Pro
1130 1907 1331 1946 sequuntur
1358 1900 1532 1946 Lips.·m,
1621 1902 1628 1909 ⁴

327 1949 487 1984 seorsim
506 1949 591 1984 fere
609 1958 762 1993 semper
783 1947 914 1990 sentit,
938 1947 1130 1992 sequimur.
1532 1964 1535 1967 ›

272 2001 527 2049 ''Anchisae-
576 2007 635 2040 Ita
671 2004 805 2051 scripsi
843 2015 865 2039 e
905 2002 1024 2038 Codd.
1063 2000 1216 2037 Putsch.
1239 2000 1441 2046 Αχιλλεῒοσ.
1509 2003 1626 2040 Codd.

325 2051 428 2098 Lips.
457 2065 484 2086 ι.
505 2050 692 2096 Agdistis.
716 2051 799 2086 MS.
822 2049 933 2084 Luth.
957 2048 1156 2085 Achilleos.
1183 2048 1320 2083 Dresd.
1343 2061 1524 2093 axaaasoe.
1548 2051 1629 2087 Eri.

324 2110 358 2132 2.
379 2097 568 2179 «Ξχιλληως.
610 2098 688 2132 Erl.
705 2109 734 2132 1.
755 2096 957 2133 Achilleos.
1006 2094 1139 2129 Zwicc.
1165 2106 1194 2129 1.
1225 2106 1404 2138 αχιααεος.
1450 2096 1626 2134 Heidelb.

324 2157 384 2189 ⁶⁸2⁶
407 2144 499 2182 λεος.

282 2203 387 2237 Unde
411 2203 475 2236 Vir
503 2226 512 2235 .
530 2203 571 2236 in
587 2202 696 2236 tertio
719 2199 916 2246 (vs.526.):
945 2200 1084 2245 Stirpis
1095 2198 1288 2234 Achilleae
1294 2197 1441 2244 fastus.
1473 2199 1627 2237 InEdd.

321 2248 417 2282 Ven.
487 2247 522 2280 d.
545 2248 628 2280 Bas.
652 2247 786 2281 Colon.
817 2245 960 2290 legitur
987 2246 1029 2278 in
1047 2250 1192 2290 quarto.
1241 2243 1442 2279 Putsohius
1462 2247 1629 2282 correxit

321 2291 468 2328 vitium.
517 2293 600 2337 Ego
632 2292 749 2327 Codd.
781 2298 931 2326 secutus
960 2300 1044 2324 sum
1078 2288 1178 2334 Lips.
1210 2301 1247 2324 2.
1273 2288 1560 2326 Heidelb.tErl.
1592 2304 1623 2327 2.

321 2337 459 2374 Dresd.
483 2338 547 2383 qui
565 2337 722 2372 tertium
741 2348 944 2372 numerum
963 2335 1153 2372 exhibent.
1192 2335 1284 2371 Cod.
1307 2335 1446 2371 Dresd.
1467 2347 1539 2383 pro
1550 2336 1627 2384 sa-

323 2392 404 2419 stus
425 2383 577 2418 exhibet
597 2383 806 2428 estsastus.

277 2431 492 2466 inveniatur
518 2429 637 2464 Codd.
657 2429 794 2465 Dresd.
824 2429 927 2475 Lips.
949 2441 983 2465 2.
1005 2428 1084 2463 Erl.
1106 2439 1138 2462 ι.
1160 2438 1192 2462 2.
1214 2425 1326 2462 Luth.
1376 2427 1500 2474 Vulgo
1518 2440 1627 2476 reps-

323 2478 457 2512 riatur.

281 2535 382 2587 Virg.
403 2535 442 2567 in
461 2535 493 2567 I.
524 2532 631 2577 (Aen.
655 2532 750 2575 665.)
780 2529 865 2566 tela'
892 2532 1077 2578 :typhoea-
1126 2529 1189 2564 Sic
1209 2530 1327 2565 Codd.
1350 2536 1390 2566 et
1409 2531 1504 2566 Edd.
1524 2532 1626 2578 1105—

321 2574 611 2626 mus‘Typlzo'ia.
659 2578 831 2624 tempnis.
857 2577 918 2613 Sic
939 2577 1055 2612 Codd.
1078 2575 1253 2611 Heidelh.‘
1276 2577 1413 2611 Dresd.
1435 2577 1515 2612 Erl.
1540 2589 1568 2612 ι.
1591 2590 1624 2612 2.

323 2625 457 2659 Zwicc.
479 2636 511 2658 2.
536 2623 647 2659 Luth.
699 2624 821 2669 Vulgo
855 2624 1011 2665 temnis,
1039 2621 1142 2668 quod
1169 2622 1333 2665 retinui,
1359 2634 1446 2658 cum
1465 2623 1623 2658 Priscia-

278 2720 303 2754 Ι
320 2683 406 2724 nus,
427 2669 460 2704 si
478 2669 551 2759 sgllzi
570 2676 746 2750 cmxlrstare
763 2669 942 2759 §elugi-ii:
966 2668 1124 2749 gmpr‘ziis
1134 2668 1308 2749 {vibere
1325 2668 1600 2750 neffotuerit.

222 2756 225 2761 „
303 2727 461 2753 nanmes
539 2727 603 2751 uc.⁴
655 2741 663 2750 .
689 2727 764 2751 ιοι.
787 2740 796 2750 .
880 2727 901 2749 o
1008 2725 1069 2749 res
1158 2725 1340 2750 nan-snos.
1434 2725 1491 2762 Ρε.
1512 2726 1544 2752 ι.
1566 2727 1627 2749 m-
