1748 3112
321 274 407 331 570
562 338 565 342 Ι
711 271 1006 314 L113.xx11.
1068 269 1321 316 cantv.

321 386 502 437 verbio,
536 385 573 429 is
594 397 639 428 et
669 386 865 429 demum.
925 382 1019 440 Qui
1041 398 1223 441 quoque
1249 383 1359 436 ὅστις
1386 382 1716 443 significatione
1745 433 1748 438 „

321 441 706 501 interpretationis
725 442 905 484 videtur
918 442 1081 483 habere
1102 441 1338 484 articulum
1358 439 1715 495 subjunctivum,
1745 452 1748 486 ς

321 501 513 559 simplex
533 511 598 543 est
621 510 773 541 tamen
794 513 962 542 nomen
990 500 1108 555 apud
1127 497 1338 542 Latinos:
1370 499 1598 556 quomodo
1619 497 1718 555 plu·
1745 515 1748 539 2

319 559 434 602 rima
456 571 637 615 quoque
662 555 746 598 alia
765 555 1059 598 inveniuntur
1087 557 1207 613 apud
1226 570 1314 597 nos
1335 553 1574 612 simplicia,
1604 567 1717 611 quae
1744 553 1748 571 ³

320 617 437 673 apud
467 618 656 659 Graecos
685 612 935 670 composita
969 623 1086 661 sunt,
1119 622 1172 654 ut
1196 611 1302 654 felix
1323 611 1505 669 εὐτυχής,
1536 621 1716 654 sanctus

319 673 450 731 ἅγιος,
481 671 586 729 pius
607 668 792 727 εὐσεβής,
825 681 868 712 et
887 668 970 711 alia
989 668 1110 712 mile.
1171 671 1275 711 Non
1297 680 1443 711 tamen
1461 669 1565 712 ideo
1583 666 1718 725 signi·

319 730 578 773 ficationem
598 730 811 774 Graecam
843 728 1122 769 attendentes
1156 728 1367 768 debemus
1390 741 1439 768 ea
1463 723 1717 781 composita

321 787 485 834 dicere,
497 787 569 827 vel
587 799 699 842 quae
720 800 772 826 ex
793 782 1018 826 contrario
1038 782 1339 826 inveniuntur
1357 781 1582 840 simplicia
1600 781 1720 838 apud
1744 798 1748 801 ,

320 845 434 892 illos,
468 842 587 900 apud
614 855 695 884 nos
719 839 980 897 composita,
1010 851 1062 882 ut
1084 839 1283 883 incestus
1307 841 1624 896 μεμολυσμένος,
1652 837 1718 879 in-

322 913 451 958 eptus
483 898 643 956 μωρός,
688 899 939 955 superfluus
982 896 1190 954 περιττός,
1233 896 1353 939 sicut
1380 908 1424 939 et
1451 896 1593 939 multa
1621 893 1719 940 alia.

322 958 430 1002 Sine
449 957 585 998 dubio
618 954 759 1013 igitur
780 969 806 997 ο
841 965 907 996 est
929 952 1189 997 adverbium
1221 952 1413 996 vocandi
1444 964 1489 995 et
1510 949 1719 1009 optandi:

321 1027 389 1058 est
410 1013 542 1056 etiam
564 1011 831 1066 interjectio.
884 1012 1008 1054 Nihil
1031 1023 1179 1053 tamen
1208 1010 1393 1054 interest
1414 1009 1536 1052 inter
1556 1023 1600 1058 0,
1629 1010 1720 1051 hoe

253 1078 296 1114 18
323 1083 389 1114 est
409 1069 687 1119 vocativum,
722 1080 767 1110 et
783 1071 904 1112 heus.
965 1070 1206 1126 Quomodo
1225 1067 1349 1109 enim
1368 1066 1577 1115 dicimus,
1607 1067 1718 1107 heus

317 1134 522 1183 juvenes,
554 1126 621 1169 sic
646 1140 671 1168 ο
692 1130 889 1179 juvenes.
947 1130 1103 1182 Itaque
1124 1125 1336 1167 omnibus
1354 1122 1576 1166 vocativis
1596 1135 1720 1178 prae·

317 1183 531 1243 ponitur,
569 1198 595 1225 ο
616 1195 690 1231 tu,
724 1197 751 1224 ο
775 1182 863 1230 mi,
895 1198 922 1225 o
949 1193 1114 1226 noster.
1172 1181 1354 1238 Quippe
1374 1180 1633 1225 adverbium
1654 1189 1720 1220 est

318 1240 529 1294 vocandi,
541 1241 665 1296 quod
681 1238 796 1284 nulli
819 1239 896 1281 alii
917 1237 1054 1287 casui,
1066 1238 1158 1281 nisi
1175 1237 1399 1289 vocativo,
1409 1234 1720 1290 hujuscemodi

319 1297 529 1345 adverbia
559 1307 752 1353 possunt
785 1296 991 1354 adjungi,
1032 1297 1149 1337 sicut
1176 1293 1312 1337 etiam
1340 1297 1473 1336 verba
1501 1293 1720 1336 secundae

317 1369 550 1413 personae,
581 1363 632 1394 ut
648 1351 812 1394 venisti
829 1354 884 1394 ad
902 1368 974 1395 me
985 1351 1158 1410 virgili,
1192 1362 1236 1393 et
1257 1350 1543 1408 pronomina,
1575 1349 1722 1402 fecisti

317 1424 371 1454 tu
394 1414 615 1457 Homere,
646 1408 810 1452 venisti
834 1420 884 1450 tu
916 1409 1126 1462 Terenti,
1157 1407 1248 1450 nisi
1278 1422 1383 1450 cum
1411 1405 1718 1454 substantivis,

317 1470 393 1510 vel
421 1465 644 1508 vocativis
679 1468 987 1524 adjunguntur
1026 1464 1191 1508 verbis.
1263 1469 1397 1506 Tunc
1427 1463 1551 1512 enim
1582 1462 1718 1505 etiam

317 1521 618 1566 nominativis
641 1522 838 1571 utimur,
871 1524 1097 1579 quomodo
1121 1532 1164 1563 et
1184 1522 1233 1562 in
1251 1520 1419 1577 prima,
1452 1532 1498 1562 et
1518 1520 1565 1562 in
1587 1519 1717 1561 tertia

318 1595 521 1640 persona,
552 1590 605 1621 ut
635 1590 684 1622 tu
706 1593 752 1620 es
781 1580 956 1628 doctus,
989 1593 1071 1636 ego
1101 1593 1202 1621 sum
1226 1581 1437 1634 prudens,
1465 1575 1719 1620 Priscianus

321 1653 405 1696 ego
427 1651 579 1684 vocor,
613 1647 663 1678 tu
682 1635 855 1677 vocaris
875 1634 1178 1679 Herodianus.
1237 1636 1359 1677 Male
1375 1633 1515 1691 igitur
1535 1632 1719 1690 quidam

319 1695 562 1738 secundam
593 1707 825 1749 personam
856 1691 1192 1734 nominativum
1221 1706 1315 1735 non
1345 1700 1616 1747 putaverunt
1638 1691 1720 1731 ha«.-

318 1754 437 1794 bere.
499 1749 546 1792 Si
570 1748 694 1795 enim
723 1748 933 1798 nomina,
967 1764 1080 1806 quae
1114 1764 1289 1806 semper
1309 1758 1413 1790 sunt
1440 1746 1600 1789 tertiae
1622 1761 1719 1803 per..

317 1823 467 1861 sonae,
491 1818 655 1855 tamen,
676 1805 714 1847 si
740 1821 843 1847 cum
864 1805 1130 1863 supradictis
1147 1804 1296 1848 verbis
1316 1803 1408 1847 sint
1425 1807 1594 1857 juncta,
1617 1817 1717 1860 pos·

319 1875 429 1907 sunt
449 1862 584 1905 etiam
607 1863 795 1916 primam
820 1874 863 1904 et
885 1865 1131 1905 secundam
1153 1861 1415 1919 significare,
1447 1871 1500 1902 ut
1519 1863 1718 1903 Socrates

319 1937 436 1969 sum,
470 1923 671 1968 Socrates
692 1934 752 1968 es,
785 1921 984 1966 Socrates
1003 1929 1081 1966 est,
1114 1923 1315 1962 Socrates
1336 1931 1487 1967 vocor,
1516 1919 1719 1963 Socrates

318 1976 512 2024 vocaris,
542 1978 742 2018 Socrates
775 1988 976 2024 vocatur,
1010 1976 1238 2030 quomodo
1261 1973 1420 2016 nonin
1442 1972 1718 2029 pronomini·

317 2036 405 2075 bus
425 2047 619 2089 quoque,
654 2046 768 2098 guae
790 2031 983 2073 maxime
1005 2031 1264 2074 discernunt
1281 2044 1503 2086 personas,
1536 2027 1719 2086 accipia-
1745 2026 1748 2047 ³

319 2105 422 2132 mus
447 2088 784 2131 nominatlvum
815 2088 951 2130 etiam
979 2087 1029 2129 in
1057 2088 1251 2130 secunda
1270 2101 1479 2143 persona,
1512 2100 1595 2144 ego
1618 2100 1719 2128 sum

256 2165 297 2202 19
320 2149 483 2194 bonus,
515 2157 567 2187 tu
600 2160 645 2187 es
675 2145 833 2191 bonus,
865 2143 941 2186 ille
969 2155 1034 2186 est
1054 2144 1240 2187 bonus?
1282 2146 1385 2186 Non
1403 2142 1543 2200 igitur
1562 2143 1718 2185 nomi..

319 2201 468 2246 nativi
500 2201 740 2246 nominum
770 2203 838 2243 vel
864 2200 1205 2258 participiorum
1233 2214 1406 2256 semper
1434 2197 1590 2242 tertiae
1617 2209 1719 2241 sunt

320 2273 552 2317 personae,
578 2260 656 2300 sed
672 2261 849 2314 quando
881 2268 1031 2301 carent
1056 2259 1192 2299 verbo
1216 2255 1509 2305 substantivo,
1541 2257 1615 2299 vel
1632 2270 1719 2298 vo-

324 2314 487 2359 cativo.
559 2317 704 2357 Nemo
747 2315 872 2358 enim
900 2325 1021 2356 recte
1050 2313 1184 2361 dicit,
1230 2312 1491 2370 Apollonius
1522 2314 1719 2364 ambulo,
1746 2327 1748 2330 ·

307 2371 638 2428 ³²-Aristophanes
665 2373 878 2414 ambulas.
935 2369 1211 2413 Pronomina
1240 2369 1361 2416 enim
1388 2367 1562 2426 primae
1584 2380 1628 2411 et
1649 2384 1718 2411 se·-
1746 2398 1748 2400 -

324 2429 499 2471 eundae
521 2441 735 2486 personae
754 2430 855 2471 ideo
880 2426 1072 2468 maxime
1098 2426 1401 2483 accipiuntur,
1427 2436 1479 2467 ut
1496 2427 1595 2468 loco
1612 2439 1718 2482 pro-
1747 2477 1748 2480 Ἴ

321 2484 526 2542 priorum
559 2484 804 2542 fungantur
837 2482 1103 2532 nominum,
1163 2498 1268 2525 cum
1297 2481 1443 2525 verbis
1477 2484 1718 2524 earundem
1743 2524 1748 2545 1

321 2555 635 2599 personarum,
667 2552 720 2584 ut
749 2556 831 2599 ego
855 2541 1056 2588 ambulo,
1089 2551 1140 2582 tu
1167 2541 1380 2583 ambulas.
1440 2542 1596 2595 Itaque
1616 2538 1716 2580 loco
1744 2547 1748 2578 ἵ

314 2598 481 2656 ¹,tertiae
505 2612 724 2655 personae
751 2597 911 2644 melius
942 2611 1110 2642 nomen
1141 2595 1352 2656 ponitur,
1394 2606 1438 2638 et
1465 2594 1657 2637 maxime
1678 2594 1717 2638 si
1744 2598 1748 2635 ἐ

368 2736 645 2783 significatione
660 2737 991 2783 interpretationis.
1027 2738 1086 2772 Ita
1106 2738 1215 2773 MSS.
1237 2738 1339 2783 Lips.
1366 2751 1398 2773 2.
1422 2737 1555 2772 Zwice.
1575 2748 1606 2774 2.
1627 2736 1715 2772 Hei·
1744 2719 1748 2762 ἶ

418 2782 518 2820 delh.
538 2783 620 2834 ΕιἸ.Δ
640 2795 674 2821 2.
723 2783 860 2830 Vulg0‚
884 2785 982 2831 signi
1001 2786 1161 2822 ‘catione
1186 2791 1223 2821 et
1241 2784 1556 2831 interpretatione.
