<?xml version="1.0" encoding="UTF-8"?>
<!DOCTYPE html PUBLIC "-//W3C//DTD XHTML 1.0 Transitional//EN"
    "http://www.w3.org/TR/xhtml1/DTD/xhtml1-transitional.dtd">
<html xmlns="http://www.w3.org/1999/xhtml" xml:lang="en" lang="en">
 <head>
  <title>
</title>
<meta http-equiv="Content-Type" content="text/html;charset=utf-8" />
  <meta name='ocr-system' content='tesseract 3.04.00' />
  <meta name='ocr-capabilities' content='ocr_page ocr_carea ocr_par ocr_line ocrx_word'/>
</head>
<body>
  <div class='ocr_page' id='page_1' title='image "./priscianicaesari01prisuoft/priscianicaesari01prisuoft_0436.png"; bbox 0 0 1748 3112; ppageno 0'>
   <div class='ocr_carea' id='block_1_1' title="bbox 294 272 1355 320">
    <p class='ocr_par' dir='ltr' id='par_1_1' title="bbox 294 272 1355 320">
     <span class='ocr_line' id='line_1_1' title="bbox 294 272 1355 320; baseline 0.001 -3"><span class='ocrx_word' id='word_1_1' title='bbox 294 272 382 318; x_wconf 79' lang='grc'>404</span> <span class='ocrx_word' id='word_1_2' title='bbox 604 274 734 316; x_wconf 79' lang='grc' dir='ltr'>Ῑ..ΙΒ,</span> <span class='ocrx_word' id='word_1_3' title='bbox 764 273 900 315; x_wconf 87' lang='lat' dir='ltr'>VIII.</span> <span class='ocrx_word' id='word_1_4' title='bbox 963 273 1102 316; x_wconf 81' lang='lat' dir='ltr'>CAP.</span> <span class='ocrx_word' id='word_1_5' title='bbox 1135 276 1212 320; x_wconf 80' lang='lat' dir='ltr'>XI.</span> <span class='ocrx_word' id='word_1_6' title='bbox 1244 277 1355 318; x_wconf 78' lang='lat' dir='ltr'>XII.</span> 
     </span>
    </p>
   </div>
   <div class='ocr_carea' id='block_1_2' title="bbox 210 385 1742 2192">
    <p class='ocr_par' dir='ltr' id='par_1_2' title="bbox 210 385 1705 2083">
     <span class='ocr_line' id='line_1_2' title="bbox 292 385 1705 440; baseline 0.001 -11"><span class='ocrx_word' id='word_1_7' title='bbox 292 390 483 432; x_wconf 86' lang='lat' dir='ltr'><strong>Necnon</strong></span> <span class='ocrx_word' id='word_1_8' title='bbox 512 395 712 426; x_wconf 83' lang='lat' dir='ltr'>metuere</span> <span class='ocrx_word' id='word_1_9' title='bbox 741 385 954 429; x_wconf 85' lang='lat' dir='ltr'>metuisse</span> <span class='ocrx_word' id='word_1_10' title='bbox 987 386 1142 429; x_wconf 74' lang='lat' dir='ltr'>deficit</span> <span class='ocrx_word' id='word_1_11' title='bbox 1167 388 1342 436; x_wconf 77' lang='lat' dir='ltr'>futuro,</span> <span class='ocrx_word' id='word_1_12' title='bbox 1383 398 1429 431; x_wconf 85' lang='lat' dir='ltr'>et</span> <span class='ocrx_word' id='word_1_13' title='bbox 1452 388 1608 431; x_wconf 63' lang='lat' dir='ltr'>timere</span> <span class='ocrx_word' id='word_1_14' title='bbox 1629 388 1705 440; x_wconf 51' lang='lat' dir='ltr'>ti·-¹</span> 
     </span>
     <span class='ocr_line' id='line_1_3' title="bbox 297 443 1695 500; baseline 0.001 -14"><span class='ocrx_word' id='word_1_15' title='bbox 297 443 489 491; x_wconf 80' lang='lat' dir='ltr'>muisse,</span> <span class='ocrx_word' id='word_1_16' title='bbox 542 444 678 483; x_wconf 84' lang='lat' dir='ltr'>latere</span> <span class='ocrx_word' id='word_1_17' title='bbox 706 443 910 492; x_wconf 84' lang='lat' dir='ltr'>latuisse,</span> <span class='ocrx_word' id='word_1_18' title='bbox 949 458 1155 499; x_wconf 80' lang='lat' dir='ltr'>apparere</span> <span class='ocrx_word' id='word_1_19' title='bbox 1188 443 1466 500; x_wconf 73' lang='lat' dir='ltr'>apparuisse,</span> <span class='ocrx_word' id='word_1_20' title='bbox 1511 445 1695 489; x_wconf 81' lang='lat' dir='ltr'>obedire</span> 
     </span>
     <span class='ocr_line' id='line_1_4' title="bbox 301 499 1695 558; baseline 0.001 -15"><span class='ocrx_word' id='word_1_21' title='bbox 301 499 517 543; x_wconf 76' lang='lat' dir='ltr'>obedisse.</span> <span class='ocrx_word' id='word_1_22' title='bbox 580 502 636 539; x_wconf 85' lang='lat' dir='ltr'>Et</span> <span class='ocrx_word' id='word_1_23' title='bbox 661 499 866 555; x_wconf 85' lang='lat' dir='ltr'><strong>pleraque</strong></span> <span class='ocrx_word' id='word_1_24' title='bbox 900 512 1058 541; x_wconf 87' lang='lat' dir='ltr'>neutra</span> <span class='ocrx_word' id='word_1_25' title='bbox 1090 502 1311 542; x_wconf 86' lang='lat' dir='ltr'>secundae</span> <span class='ocrx_word' id='word_1_26' title='bbox 1344 501 1695 558; x_wconf 73' lang='lat' dir='ltr'>conjugationis,</span> 
     </span>
     <span class='ocr_line' id='line_1_5' title="bbox 298 553 1692 613; baseline 0 -13"><span class='ocrx_word' id='word_1_27' title='bbox 298 560 479 600; x_wconf 81' lang='lat' dir='ltr'>horrere</span> <span class='ocrx_word' id='word_1_28' title='bbox 522 556 771 608; x_wconf 82' lang='lat' dir='ltr'>horruisse,</span> <span class='ocrx_word' id='word_1_29' title='bbox 823 567 970 613; x_wconf 87' lang='lat' dir='ltr'>tepere</span> <span class='ocrx_word' id='word_1_30' title='bbox 1007 553 1223 612; x_wconf 80' lang='lat' dir='ltr'>tepuisse,</span> <span class='ocrx_word' id='word_1_31' title='bbox 1275 559 1434 599; x_wconf 88' lang='lat' dir='ltr'>rubere</span> <span class='ocrx_word' id='word_1_32' title='bbox 1475 558 1692 607; x_wconf 80' lang='lat' dir='ltr'>rubuisse,</span> 
     </span>
     <span class='ocr_line' id='line_1_6' title="bbox 297 611 1694 671; baseline 0.002 -18"><span class='ocrx_word' id='word_1_33' title='bbox 297 627 459 671; x_wconf 84' lang='lat' dir='ltr'>pavere</span> <span class='ocrx_word' id='word_1_34' title='bbox 486 611 672 668; x_wconf 83' lang='lat' dir='ltr'>pavisse.</span> <span class='ocrx_word' id='word_1_35' title='bbox 734 612 1094 654; x_wconf 83' lang='lat' dir='ltr'>Inchoativorum</span> <span class='ocrx_word' id='word_1_36' title='bbox 1128 629 1307 670; x_wconf 89' lang='lat' dir='ltr'>quoque</span> <span class='ocrx_word' id='word_1_37' title='bbox 1353 625 1396 655; x_wconf 92' lang='lat' dir='ltr'>et</span> <span class='ocrx_word' id='word_1_38' title='bbox 1427 615 1694 656; x_wconf 81' lang='lat' dir='ltr'>mediativo-</span> 
     </span>
     <span class='ocr_line' id='line_1_7' title="bbox 298 666 1697 726; baseline 0.001 -14"><span class='ocrx_word' id='word_1_39' title='bbox 298 684 399 712; x_wconf 85' lang='lat' dir='ltr'>rum</span> <span class='ocrx_word' id='word_1_40' title='bbox 430 668 478 709; x_wconf 87' lang='lat' dir='ltr'>in</span> <span class='ocrx_word' id='word_1_41' title='bbox 499 666 693 709; x_wconf 81' lang='lat' dir='ltr'>infinitis</span> <span class='ocrx_word' id='word_1_42' title='bbox 723 683 814 710; x_wconf 90' lang='lat' dir='ltr'>non</span> <span class='ocrx_word' id='word_1_43' title='bbox 845 670 989 712; x_wconf 88' lang='lat' dir='ltr'>solum</span> <span class='ocrx_word' id='word_1_44' title='bbox 1022 670 1330 726; x_wconf 83' lang='lat' dir='ltr'>praeteritum,</span> <span class='ocrx_word' id='word_1_45' title='bbox 1362 673 1439 712; x_wconf 89' lang='lat' dir='ltr'>sed</span> <span class='ocrx_word' id='word_1_46' title='bbox 1461 669 1595 723; x_wconf 82' lang='lat' dir='ltr'>etiarn</span> <span class='ocrx_word' id='word_1_47' title='bbox 1621 671 1697 713; x_wconf 81' lang='lat' dir='ltr'>fu·-</span> 
     </span>
     <span class='ocr_line' id='line_1_8' title="bbox 298 722 1695 783; baseline 0.001 -16"><span class='ocrx_word' id='word_1_48' title='bbox 298 738 452 768; x_wconf 83' lang='lat' dir='ltr'>turum</span> <span class='ocrx_word' id='word_1_49' title='bbox 491 722 644 767; x_wconf 81' lang='lat' dir='ltr'>deficit</span> <span class='ocrx_word' id='word_1_50' title='bbox 686 736 884 782; x_wconf 78' lang='lat' dir='ltr'>tempuS,</span> <span class='ocrx_word' id='word_1_51' title='bbox 937 728 1210 775; x_wconf 80' lang='lat' dir='ltr'><strong>horrescere,</strong></span> <span class='ocrx_word' id='word_1_52' title='bbox 1263 741 1513 783; x_wconf 77' lang='lat' dir='ltr'>tepescere,</span> <span class='ocrx_word' id='word_1_53' title='bbox 1555 729 1695 769; x_wconf 80' lang='lat' dir='ltr'>ferve-</span> 
     </span>
     <span class='ocr_line' id='line_1_9' title="bbox 254 779 1692 840; baseline 0 -16"><span class='ocrx_word' id='word_1_54' title='bbox 254 782 259 796; x_wconf 74' lang='grc'><em>“</em></span> <span class='ocrx_word' id='word_1_55' title='bbox 297 796 446 831; x_wconf 81' lang='lat' dir='ltr'>s‘cere,</span> <span class='ocrx_word' id='word_1_56' title='bbox 492 779 728 837; x_wconf 68' lang='lat' dir='ltr'>parturire,</span> <span class='ocrx_word' id='word_1_57' title='bbox 762 781 952 829; x_wconf 82' lang='lat' dir='ltr'>esurire,</span> <span class='ocrx_word' id='word_1_58' title='bbox 994 782 1215 826; x_wconf 86' lang='lat' dir='ltr'>lecturire.</span> <span class='ocrx_word' id='word_1_59' title='bbox 1272 786 1457 826; x_wconf 86' lang='lat' dir='ltr'>Necnon</span> <span class='ocrx_word' id='word_1_60' title='bbox 1482 785 1692 840; x_wconf 80' lang='lat' dir='ltr'>perfecta,</span> 
     </span>
     <span class='ocr_line' id='line_1_10' title="bbox 252 837 1692 896; baseline 0 -15"><span class='ocrx_word' id='word_1_61' title='bbox 252 882 259 895; x_wconf 45' lang='lat' dir='ltr'><em>s</em></span> <span class='ocrx_word' id='word_1_62' title='bbox 299 838 338 881; x_wconf 81' lang='lat' dir='ltr'>si</span> <span class='ocrx_word' id='word_1_63' title='bbox 368 839 462 879; x_wconf 86' lang='lat' dir='ltr'>sint</span> <span class='ocrx_word' id='word_1_64' title='bbox 481 838 679 890; x_wconf 82' lang='lat' dir='ltr'>ejusdem</span> <span class='ocrx_word' id='word_1_65' title='bbox 710 837 877 880; x_wconf 84' lang='lat' dir='ltr'>formae</span> <span class='ocrx_word' id='word_1_66' title='bbox 901 837 1280 889; x_wconf 86' lang='lat' dir='ltr'>inchoativorum,</span> <span class='ocrx_word' id='word_1_67' title='bbox 1321 840 1585 896; x_wconf 83' lang='lat' dir='ltr'>plerumque</span> <span class='ocrx_word' id='word_1_68' title='bbox 1619 842 1692 881; x_wconf 86' lang='lat' dir='ltr'>de-</span> 
     </span>
     <span class='ocr_line' id='line_1_11' title="bbox 299 894 1694 954; baseline 0.001 -18"><span class='ocrx_word' id='word_1_69' title='bbox 299 894 458 936; x_wconf 86' lang='lat' dir='ltr'>ficiunt</span> <span class='ocrx_word' id='word_1_70' title='bbox 486 896 664 946; x_wconf 83' lang='lat' dir='ltr'>futuro,</span> <span class='ocrx_word' id='word_1_71' title='bbox 701 906 751 936; x_wconf 91' lang='lat' dir='ltr'>ut</span> <span class='ocrx_word' id='word_1_72' title='bbox 782 894 951 937; x_wconf 78' lang='lat' dir='ltr'>discere</span> <span class='ocrx_word' id='word_1_73' title='bbox 982 894 1215 943; x_wconf 80' lang='lat' dir='ltr'>didicisse,</span> <span class='ocrx_word' id='word_1_74' title='bbox 1256 910 1436 951; x_wconf 79' lang='lat' dir='ltr'>poscere</span> <span class='ocrx_word' id='word_1_75' title='bbox 1466 895 1694 954; x_wconf 85' lang='lat' dir='ltr'>poposcis-</span> 
     </span>
     <span class='ocr_line' id='line_1_12' title="bbox 299 952 1695 1007; baseline -0.001 -13"><span class='ocrx_word' id='word_1_76' title='bbox 299 967 371 1004; x_wconf 76' lang='lat' dir='ltr'>se,</span> <span class='ocrx_word' id='word_1_77' title='bbox 410 965 692 1006; x_wconf 81' lang='lat' dir='ltr'>compescere</span> <span class='ocrx_word' id='word_1_78' title='bbox 735 952 1074 1006; x_wconf 77' lang='lat' dir='ltr'>compescuisse.</span> <span class='ocrx_word' id='word_1_79' title='bbox 1135 952 1365 1007; x_wconf 80' lang='lat' dir='ltr'>Quoniam</span> <span class='ocrx_word' id='word_1_80' title='bbox 1394 955 1449 994; x_wconf 87' lang='lat' dir='ltr'>de</span> <span class='ocrx_word' id='word_1_81' title='bbox 1479 952 1695 994; x_wconf 81' lang='lat' dir='ltr'>deficien-</span> 
     </span>
     <span class='ocr_line' id='line_1_13' title="bbox 300 1007 1695 1063; baseline 0.001 -14"><span class='ocrx_word' id='word_1_82' title='bbox 300 1007 422 1049; x_wconf 85' lang='lat' dir='ltr'>tibus</span> <span class='ocrx_word' id='word_1_83' title='bbox 444 1023 522 1063; x_wconf 87' lang='lat' dir='ltr'>per</span> <span class='ocrx_word' id='word_1_84' title='bbox 534 1017 730 1063; x_wconf 84' lang='lat' dir='ltr'>tempora</span> <span class='ocrx_word' id='word_1_85' title='bbox 743 1007 1016 1049; x_wconf 85' lang='lat' dir='ltr'>sufficienter</span> <span class='ocrx_word' id='word_1_86' title='bbox 1027 1009 1213 1058; x_wconf 87' lang='lat' dir='ltr'>dictum,</span> <span class='ocrx_word' id='word_1_87' title='bbox 1235 1024 1358 1052; x_wconf 90' lang='lat' dir='ltr'>nunc</span> <span class='ocrx_word' id='word_1_88' title='bbox 1370 1010 1425 1051; x_wconf 86' lang='lat' dir='ltr'>de</span> <span class='ocrx_word' id='word_1_89' title='bbox 1438 1008 1589 1061; x_wconf 29' lang='lat' dir='ltr'>modis.</span> <span class='ocrx_word' id='word_1_90' title='bbox 1606 1019 1695 1055; x_wconf 86' lang='lat' dir='ltr'>tra-</span> 
     </span>
     <span class='ocr_line' id='line_1_14' title="bbox 295 1075 1687 1117; baseline 0.001 -11"><span class='ocrx_word' id='word_1_91' title='bbox 295 1075 488 1106; x_wconf 81' lang='lat' dir='ltr'>ctemus.</span> <span class='ocrx_word' id='word_1_92' title='bbox 1682 1111 1687 1117; x_wconf 69' lang='grc'>,</span> 
     </span>
     <span class='ocr_line' id='line_1_15' title="bbox 210 1118 1695 1174; baseline 0.003 -15"><span class='ocrx_word' id='word_1_93' title='bbox 210 1125 298 1159; x_wconf 15' lang='lat' dir='ltr'>XII*</span> <span class='ocrx_word' id='word_1_94' title='bbox 413 1118 659 1164; x_wconf 83' lang='lat' dir='ltr'>Modisunt</span> <span class='ocrx_word' id='word_1_95' title='bbox 682 1119 882 1162; x_wconf 84' lang='lat' dir='ltr'>diversae</span> <span class='ocrx_word' id='word_1_96' title='bbox 904 1119 1221 1164; x_wconf 79' lang='lat' dir='ltr'>inclinationes</span> <span class='ocrx_word' id='word_1_97' title='bbox 1236 1121 1397 1171; x_wconf 83' lang='lat' dir='ltr'>animi,</span> <span class='ocrx_word' id='word_1_98' title='bbox 1427 1121 1576 1165; x_wconf 80' lang='lat' dir='ltr'>varios</span> <span class='ocrx_word' id='word_1_99' title='bbox 1600 1126 1695 1174; x_wconf 83' lang='lat' dir='ltr'>ejus</span> 
     </span>
     <span class='ocr_line' id='line_1_16' title="bbox 231 1171 1696 1236; baseline 0.001 -19"><span class='ocrx_word' id='word_1_100' title='bbox 231 1171 275 1217; x_wconf 75' lang='lat'>65</span> <span class='ocrx_word' id='word_1_101' title='bbox 301 1178 486 1220; x_wconf 82' lang='lat' dir='ltr'>affectus</span> <span class='ocrx_word' id='word_1_102' title='bbox 521 1177 890 1219; x_wconf 84' lang='lat' dir='ltr'>demonstrantes.</span> <span class='ocrx_word' id='word_1_103' title='bbox 950 1181 1064 1220; x_wconf 86' lang='lat' dir='ltr'>Sunt</span> <span class='ocrx_word' id='word_1_104' title='bbox 1092 1188 1242 1220; x_wconf 90' lang='lat' dir='ltr'>autern</span> <span class='ocrx_word' id='word_1_105' title='bbox 1266 1179 1486 1236; x_wconf 84' lang='lat' dir='ltr'>quinque:</span> <span class='ocrx_word' id='word_1_106' title='bbox 1526 1177 1696 1220; x_wconf 85' lang='lat' dir='ltr'>Indica·</span> 
     </span>
     <span class='ocr_line' id='line_1_17' title="bbox 299 1231 1696 1293; baseline 0 -17"><span class='ocrx_word' id='word_1_107' title='bbox 299 1233 422 1276; x_wconf 81' lang='lat' dir='ltr'>tivus</span> <span class='ocrx_word' id='word_1_108' title='bbox 455 1232 552 1274; x_wconf 84' lang='lat' dir='ltr'>sive</span> <span class='ocrx_word' id='word_1_109' title='bbox 590 1231 877 1282; x_wconf 82' lang='lat' dir='ltr'>definitivus,</span> <span class='ocrx_word' id='word_1_110' title='bbox 930 1233 1246 1290; x_wconf 81' lang='lat' dir='ltr'>imperativus,</span> <span class='ocrx_word' id='word_1_111' title='bbox 1296 1235 1545 1293; x_wconf 70' lang='lat' dir='ltr'>optativus,</span> <span class='ocrx_word' id='word_1_112' title='bbox 1593 1237 1696 1277; x_wconf 76' lang='lat' dir='ltr'>sub-</span> 
     </span>
     <span class='ocr_line' id='line_1_18' title="bbox 297 1288 1695 1348; baseline -0.001 -15"><span class='ocrx_word' id='word_1_113' title='bbox 297 1289 541 1346; x_wconf 66' lang='lat' dir='ltr'>3unctivus‚</span> <span class='ocrx_word' id='word_1_114' title='bbox 575 1288 847 1333; x_wconf 80' lang='lat' dir='ltr'>infinitivus,</span> <span class='ocrx_word' id='word_1_115' title='bbox 905 1291 1193 1340; x_wconf 81' lang='lat' dir='ltr'>Indicativus‚</span> <span class='ocrx_word' id='word_1_116' title='bbox 1227 1307 1318 1348; x_wconf 91' lang='lat' dir='ltr'>quo</span> <span class='ocrx_word' id='word_1_117' title='bbox 1344 1292 1594 1334; x_wconf 81' lang='lat' dir='ltr'>indicamus</span> <span class='ocrx_word' id='word_1_118' title='bbox 1621 1291 1695 1332; x_wconf 83' lang='lat' dir='ltr'>vel</span> 
     </span>
     <span class='ocr_line' id='line_1_19' title="bbox 303 1345 1692 1405; baseline -0.001 -15"><span class='ocrx_word' id='word_1_119' title='bbox 303 1347 562 1395; x_wconf 73' lang='lat' dir='ltr'>definimus,</span> <span class='ocrx_word' id='word_1_120' title='bbox 590 1345 699 1400; x_wconf 90' lang='lat' dir='ltr'>quid</span> <span class='ocrx_word' id='word_1_121' title='bbox 732 1345 919 1402; x_wconf 85' lang='lat' dir='ltr'>agitura</span> <span class='ocrx_word' id='word_1_122' title='bbox 951 1346 1104 1396; x_wconf 87' lang='lat' dir='ltr'>nobis,</span> <span class='ocrx_word' id='word_1_123' title='bbox 1135 1350 1206 1389; x_wconf 80' lang='lat' dir='ltr'>vel</span> <span class='ocrx_word' id='word_1_124' title='bbox 1239 1351 1291 1390; x_wconf 83' lang='lat' dir='ltr'>ab</span> <span class='ocrx_word' id='word_1_125' title='bbox 1325 1348 1447 1397; x_wconf 83' lang='lat' dir='ltr'>aliis,</span> <span class='ocrx_word' id='word_1_126' title='bbox 1488 1347 1567 1405; x_wconf 88' lang='lat' dir='ltr'>qui</span> <span class='ocrx_word' id='word_1_127' title='bbox 1588 1347 1692 1389; x_wconf 89' lang='lat' dir='ltr'>ideo</span> 
     </span>
     <span class='ocr_line' id='line_1_20' title="bbox 298 1401 1693 1461; baseline 0 -17"><span class='ocrx_word' id='word_1_128' title='bbox 298 1403 472 1461; x_wconf 68' lang='lat' dir='ltr'>primus</span> <span class='ocrx_word' id='word_1_129' title='bbox 495 1402 694 1457; x_wconf 81' lang='lat' dir='ltr'>ponitur,</span> <span class='ocrx_word' id='word_1_130' title='bbox 727 1401 828 1457; x_wconf 88' lang='lat' dir='ltr'>quia</span> <span class='ocrx_word' id='word_1_131' title='bbox 849 1404 1071 1459; x_wconf 86' lang='lat' dir='ltr'>perfectus</span> <span class='ocrx_word' id='word_1_132' title='bbox 1098 1414 1163 1444; x_wconf 86' lang='lat' dir='ltr'>est</span> <span class='ocrx_word' id='word_1_133' title='bbox 1184 1403 1232 1445; x_wconf 87' lang='lat' dir='ltr'>in</span> <span class='ocrx_word' id='word_1_134' title='bbox 1252 1405 1459 1447; x_wconf 87' lang='lat' dir='ltr'>omnibus</span> <span class='ocrx_word' id='word_1_135' title='bbox 1486 1417 1575 1446; x_wconf 85' lang='lat' dir='ltr'>tam</span> <span class='ocrx_word' id='word_1_136' title='bbox 1597 1406 1693 1461; x_wconf 81' lang='lat' dir='ltr'>per-</span> 
     </span>
     <span class='ocr_line' id='line_1_21' title="bbox 302 1458 1693 1516; baseline -0.001 -15"><span class='ocrx_word' id='word_1_137' title='bbox 302 1459 426 1501; x_wconf 79' lang='lat' dir='ltr'>sonis</span> <span class='ocrx_word' id='word_1_138' title='bbox 457 1473 588 1513; x_wconf 87' lang='lat' dir='ltr'>quam</span> <span class='ocrx_word' id='word_1_139' title='bbox 617 1458 917 1513; x_wconf 85' lang='lat' dir='ltr'>temporibus,</span> <span class='ocrx_word' id='word_1_140' title='bbox 969 1470 1013 1500; x_wconf 86' lang='lat' dir='ltr'>et</span> <span class='ocrx_word' id='word_1_141' title='bbox 1042 1459 1145 1515; x_wconf 84' lang='lat' dir='ltr'>quia</span> <span class='ocrx_word' id='word_1_142' title='bbox 1169 1475 1221 1502; x_wconf 85' lang='lat' dir='ltr'>ex</span> <span class='ocrx_word' id='word_1_143' title='bbox 1250 1460 1347 1516; x_wconf 88' lang='lat' dir='ltr'>ipso</span> <span class='ocrx_word' id='word_1_144' title='bbox 1378 1476 1532 1504; x_wconf 87' lang='lat' dir='ltr'>omnes</span> <span class='ocrx_word' id='word_1_145' title='bbox 1567 1459 1693 1502; x_wconf 85' lang='lat' dir='ltr'>modi</span> 
     </span>
     <span class='ocr_line' id='line_1_22' title="bbox 302 1514 1696 1571; baseline -0.001 -13"><span class='ocrx_word' id='word_1_146' title='bbox 302 1514 533 1571; x_wconf 82' lang='lat' dir='ltr'>accipiunt</span> <span class='ocrx_word' id='word_1_147' title='bbox 563 1515 782 1570; x_wconf 82' lang='lat' dir='ltr'>regulam,</span> <span class='ocrx_word' id='word_1_148' title='bbox 822 1526 867 1557; x_wconf 91' lang='lat' dir='ltr'>et</span> <span class='ocrx_word' id='word_1_149' title='bbox 895 1515 1141 1557; x_wconf 80' lang='lat' dir='ltr'>derivativa</span> <span class='ocrx_word' id='word_1_150' title='bbox 1172 1517 1358 1559; x_wconf 86' lang='lat' dir='ltr'>nomina</span> <span class='ocrx_word' id='word_1_151' title='bbox 1381 1519 1476 1560; x_wconf 83' lang='lat' dir='ltr'>sive</span> <span class='ocrx_word' id='word_1_152' title='bbox 1495 1519 1629 1559; x_wconf 76' lang='lat' dir='ltr'>verba</span> <span class='ocrx_word' id='word_1_153' title='bbox 1651 1527 1696 1558; x_wconf 89' lang='lat' dir='ltr'>et</span> 
     </span>
     <span class='ocr_line' id='line_1_23' title="bbox 299 1569 1694 1629; baseline 0.002 -17"><span class='ocrx_word' id='word_1_154' title='bbox 299 1569 536 1629; x_wconf 67' lang='lat' dir='ltr'>participia</span> <span class='ocrx_word' id='word_1_155' title='bbox 581 1585 633 1612; x_wconf 84' lang='lat' dir='ltr'>ex</span> <span class='ocrx_word' id='word_1_156' title='bbox 671 1573 758 1617; x_wconf 85' lang='lat' dir='ltr'>hoc</span> <span class='ocrx_word' id='word_1_157' title='bbox 792 1583 1059 1620; x_wconf 85' lang='lat' dir='ltr'>nascuntur,</span> <span class='ocrx_word' id='word_1_158' title='bbox 1110 1584 1163 1614; x_wconf 84' lang='lat' dir='ltr'>ut</span> <span class='ocrx_word' id='word_1_159' title='bbox 1205 1575 1320 1615; x_wconf 90' lang='lat' dir='ltr'>duco</span> <span class='ocrx_word' id='word_1_160' title='bbox 1358 1575 1538 1616; x_wconf 68' lang='lat' dir='ltr'>¹ducens</span> <span class='ocrx_word' id='word_1_161' title='bbox 1587 1571 1694 1615; x_wconf 82' lang='lat' dir='ltr'>duxi</span> 
     </span>
     <span class='ocr_line' id='line_1_24' title="bbox 301 1628 1692 1685; baseline 0 -15"><span class='ocrx_word' id='word_1_162' title='bbox 301 1629 468 1670; x_wconf 86' lang='lat' dir='ltr'>ductus</span> <span class='ocrx_word' id='word_1_163' title='bbox 500 1629 612 1674; x_wconf 86' lang='lat' dir='ltr'>dux,</span> <span class='ocrx_word' id='word_1_164' title='bbox 645 1641 749 1684; x_wconf 83' lang='lat' dir='ltr'>rego</span> <span class='ocrx_word' id='word_1_165' title='bbox 781 1643 934 1685; x_wconf 85' lang='lat' dir='ltr'>regens</span> <span class='ocrx_word' id='word_1_166' title='bbox 973 1628 1064 1670; x_wconf 84' lang='lat' dir='ltr'>rexi</span> <span class='ocrx_word' id='word_1_167' title='bbox 1096 1641 1242 1672; x_wconf 85' lang='lat' dir='ltr'>rectus</span> <span class='ocrx_word' id='word_1_168' title='bbox 1272 1646 1372 1681; x_wconf 81' lang='lat' dir='ltr'>reX,</span> <span class='ocrx_word' id='word_1_169' title='bbox 1424 1632 1574 1673; x_wconf 80' lang='lat' dir='ltr'>ferveo</span> <span class='ocrx_word' id='word_1_170' title='bbox 1611 1630 1692 1671; x_wconf 82' lang='lat' dir='ltr'>fer-</span> 
     </span>
     <span class='ocr_line' id='line_1_25' title="bbox 303 1684 1692 1735; baseline 0 -9"><span class='ocrx_word' id='word_1_171' title='bbox 303 1699 414 1726; x_wconf 80' lang='lat' dir='ltr'>vens</span> <span class='ocrx_word' id='word_1_172' title='bbox 444 1684 641 1725; x_wconf 84' lang='lat' dir='ltr'>fervesco</span> <span class='ocrx_word' id='word_1_173' title='bbox 677 1685 847 1733; x_wconf 83' lang='lat' dir='ltr'>fervor,</span> <span class='ocrx_word' id='word_1_174' title='bbox 889 1687 1048 1725; x_wconf 87' lang='lat' dir='ltr'>horreo</span> <span class='ocrx_word' id='word_1_175' title='bbox 1079 1687 1262 1729; x_wconf 85' lang='lat' dir='ltr'>horrens</span> <span class='ocrx_word' id='word_1_176' title='bbox 1292 1690 1496 1730; x_wconf 85' lang='lat' dir='ltr'>horresco</span> <span class='ocrx_word' id='word_1_177' title='bbox 1521 1689 1692 1735; x_wconf 81' lang='lat' dir='ltr'>horror,</span> 
     </span>
     <span class='ocr_line' id='line_1_26' title="bbox 303 1738 1694 1796; baseline 0.001 -13"><span class='ocrx_word' id='word_1_178' title='bbox 303 1740 507 1795; x_wconf 79' lang='lat' dir='ltr'>intelligo</span> <span class='ocrx_word' id='word_1_179' title='bbox 525 1738 793 1796; x_wconf 74' lang='lat' dir='ltr'>intelligens</span> <span class='ocrx_word' id='word_1_180' title='bbox 825 1741 1022 1783; x_wconf 79' lang='lat' dir='ltr'>intellexi</span> <span class='ocrx_word' id='word_1_181' title='bbox 1051 1741 1320 1792; x_wconf 71' lang='lat' dir='ltr'>intellectae,</span> <span class='ocrx_word' id='word_1_182' title='bbox 1339 1778 1342 1781; x_wconf 27' lang='lat'><strong>⁴</strong></span> <span class='ocrx_word' id='word_1_183' title='bbox 1361 1746 1487 1786; x_wconf 87' lang='lat' dir='ltr'>laedo</span> <span class='ocrx_word' id='word_1_184' title='bbox 1514 1745 1694 1785; x_wconf 81' lang='lat' dir='ltr'>laedens</span> 
     </span>
     <span class='ocr_line' id='line_1_27' title="bbox 300 1795 1691 1858; baseline 0.001 -19"><span class='ocrx_word' id='word_1_185' title='bbox 300 1795 411 1839; x_wconf 76' lang='lat' dir='ltr'>laesi</span> <span class='ocrx_word' id='word_1_186' title='bbox 453 1798 597 1837; x_wconf 88' lang='lat' dir='ltr'>laesus</span> <span class='ocrx_word' id='word_1_187' title='bbox 629 1795 789 1845; x_wconf 81' lang='lat' dir='ltr'>laesi03</span> <span class='ocrx_word' id='word_1_188' title='bbox 842 1809 885 1839; x_wconf 88' lang='lat' dir='ltr'>et</span> <span class='ocrx_word' id='word_1_189' title='bbox 915 1796 1022 1853; x_wconf 88' lang='lat' dir='ltr'>quia</span> <span class='ocrx_word' id='word_1_190' title='bbox 1052 1797 1147 1854; x_wconf 83' lang='lat' dir='ltr'>ipsa</span> <span class='ocrx_word' id='word_1_191' title='bbox 1183 1799 1324 1856; x_wconf 86' lang='lat' dir='ltr'>prima</span> <span class='ocrx_word' id='word_1_192' title='bbox 1355 1800 1521 1858; x_wconf 84' lang='lat' dir='ltr'>positio</span> <span class='ocrx_word' id='word_1_193' title='bbox 1550 1800 1691 1850; x_wconf 81' lang='lat' dir='ltr'>verbi,</span> 
     </span>
     <span class='ocr_line' id='line_1_28' title="bbox 303 1852 1691 1910; baseline 0.003 -16"><span class='ocrx_word' id='word_1_194' title='bbox 303 1868 419 1909; x_wconf 84' lang='lat' dir='ltr'>quae</span> <span class='ocrx_word' id='word_1_195' title='bbox 437 1853 616 1894; x_wconf 71' lang='lat' dir='ltr'>videtur</span> <span class='ocrx_word' id='word_1_196' title='bbox 638 1854 691 1894; x_wconf 89' lang='lat' dir='ltr'>ab</span> <span class='ocrx_word' id='word_1_197' title='bbox 709 1852 800 1908; x_wconf 87' lang='lat' dir='ltr'>ipsa</span> <span class='ocrx_word' id='word_1_198' title='bbox 818 1865 974 1895; x_wconf 85' lang='lat' dir='ltr'>natura</span> <span class='ocrx_word' id='word_1_199' title='bbox 997 1868 1090 1895; x_wconf 87' lang='lat' dir='ltr'>esse</span> <span class='ocrx_word' id='word_1_200' title='bbox 1108 1858 1276 1910; x_wconf 87' lang='lat' dir='ltr'>prolata</span> <span class='ocrx_word' id='word_1_201' title='bbox 1292 1889 1304 1906; x_wconf 90' lang='lat'><em>‚</em></span> <span class='ocrx_word' id='word_1_202' title='bbox 1335 1858 1384 1899; x_wconf 88' lang='lat' dir='ltr'>in</span> <span class='ocrx_word' id='word_1_203' title='bbox 1404 1860 1490 1899; x_wconf 89' lang='lat' dir='ltr'>hoc</span> <span class='ocrx_word' id='word_1_204' title='bbox 1509 1867 1575 1898; x_wconf 86' lang='lat' dir='ltr'>est</span> <span class='ocrx_word' id='word_1_205' title='bbox 1596 1871 1691 1898; x_wconf 87' lang='lat' dir='ltr'>mo-</span> 
     </span>
     <span class='ocr_line' id='line_1_29' title="bbox 300 1910 1692 1964; baseline 0 -12"><span class='ocrx_word' id='word_1_206' title='bbox 300 1911 391 1960; x_wconf 85' lang='lat' dir='ltr'>do,</span> <span class='ocrx_word' id='word_1_207' title='bbox 432 1910 811 1964; x_wconf 83' lang='lat' dir='ltr'>quemadmodum</span> <span class='ocrx_word' id='word_1_208' title='bbox 845 1910 893 1951; x_wconf 92' lang='lat' dir='ltr'>in</span> <span class='ocrx_word' id='word_1_209' title='bbox 924 1910 1183 1953; x_wconf 87' lang='lat' dir='ltr'>nominibus</span> <span class='ocrx_word' id='word_1_210' title='bbox 1214 1924 1278 1954; x_wconf 87' lang='lat' dir='ltr'>est</span> <span class='ocrx_word' id='word_1_211' title='bbox 1308 1928 1431 1956; x_wconf 84' lang='lat' dir='ltr'>casus</span> <span class='ocrx_word' id='word_1_212' title='bbox 1455 1911 1692 1954; x_wconf 73' lang='lat' dir='ltr'>nominati-</span> 
     </span>
     <span class='ocr_line' id='line_1_30' title="bbox 301 1964 1688 2027; baseline 0.003 -21"><span class='ocrx_word' id='word_1_213' title='bbox 301 1980 410 2015; x_wconf 66' lang='lat' dir='ltr'>,vus5</span> <span class='ocrx_word' id='word_1_214' title='bbox 454 1977 499 2006; x_wconf 89' lang='lat' dir='ltr'>et</span> <span class='ocrx_word' id='word_1_215' title='bbox 525 1964 627 2021; x_wconf 86' lang='lat' dir='ltr'>quia</span> <span class='ocrx_word' id='word_1_216' title='bbox 655 1965 949 2008; x_wconf 82' lang='lat' dir='ltr'>substantiam</span> <span class='ocrx_word' id='word_1_217' title='bbox 979 1966 1076 2007; x_wconf 81' lang='lat' dir='ltr'>sive</span> <span class='ocrx_word' id='word_1_218' title='bbox 1107 1969 1341 2012; x_wconf 84' lang='lat' dir='ltr'>essentiam</span> <span class='ocrx_word' id='word_1_219' title='bbox 1366 1969 1431 2012; x_wconf 89' lang='lat' dir='ltr'>rei</span> <span class='ocrx_word' id='word_1_220' title='bbox 1453 1966 1688 2027; x_wconf 79' lang='lat' dir='ltr'>significat,</span> 
     </span>
     <span class='ocr_line' id='line_1_31' title="bbox 305 2020 1691 2083; baseline 0.004 -22"><span class='ocrx_word' id='word_1_221' title='bbox 305 2024 429 2078; x_wconf 90' lang='lat' dir='ltr'>quod</span> <span class='ocrx_word' id='word_1_222' title='bbox 450 2021 497 2061; x_wconf 90' lang='lat' dir='ltr'>in</span> <span class='ocrx_word' id='word_1_223' title='bbox 529 2020 625 2063; x_wconf 84' lang='lat' dir='ltr'>aliis</span> <span class='ocrx_word' id='word_1_224' title='bbox 645 2021 790 2063; x_wconf 89' lang='lat' dir='ltr'>modis</span> <span class='ocrx_word' id='word_1_225' title='bbox 812 2037 905 2063; x_wconf 90' lang='lat' dir='ltr'>non</span> <span class='ocrx_word' id='word_1_226' title='bbox 924 2033 1003 2065; x_wconf 87' lang='lat' dir='ltr'>est.</span> <span class='ocrx_word' id='word_1_227' title='bbox 1063 2026 1220 2079; x_wconf 87' lang='lat' dir='ltr'>Neque</span> <span class='ocrx_word' id='word_1_228' title='bbox 1244 2027 1367 2068; x_wconf 88' lang='lat' dir='ltr'>enim</span> <span class='ocrx_word' id='word_1_229' title='bbox 1390 2026 1468 2083; x_wconf 87' lang='lat' dir='ltr'>qui</span> <span class='ocrx_word' id='word_1_230' title='bbox 1489 2028 1691 2080; x_wconf 76' lang='lat' dir='ltr'>imperat,</span> 
     </span>
    </p>

    <p class='ocr_par' dir='ltr' id='par_1_3' title="bbox 256 2076 1742 2192">
     <span class='ocr_line' id='line_1_32' title="bbox 256 2076 1742 2136; baseline 0.004 -18"><span class='ocrx_word' id='word_1_231' title='bbox 256 2078 265 2080; x_wconf 47' lang='lat'>‘⁷</span> <span class='ocrx_word' id='word_1_232' title='bbox 302 2092 450 2133; x_wconf 87' lang='lat' dir='ltr'>neque</span> <span class='ocrx_word' id='word_1_233' title='bbox 468 2076 546 2133; x_wconf 88' lang='lat' dir='ltr'>qui</span> <span class='ocrx_word' id='word_1_234' title='bbox 565 2089 700 2133; x_wconf 84' lang='lat' dir='ltr'>optat,</span> <span class='ocrx_word' id='word_1_235' title='bbox 732 2093 875 2135; x_wconf 89' lang='lat' dir='ltr'>neque</span> <span class='ocrx_word' id='word_1_236' title='bbox 905 2077 983 2134; x_wconf 90' lang='lat' dir='ltr'>qui</span> <span class='ocrx_word' id='word_1_237' title='bbox 1005 2079 1191 2130; x_wconf 85' lang='lat' dir='ltr'>dubitat,</span> <span class='ocrx_word' id='word_1_238' title='bbox 1213 2081 1259 2123; x_wconf 87' lang='lat' dir='ltr'>in</span> <span class='ocrx_word' id='word_1_239' title='bbox 1280 2084 1566 2136; x_wconf 86' lang='lat' dir='ltr'>subjunctivo</span> <span class='ocrx_word' id='word_1_240' title='bbox 1591 2085 1691 2124; x_wconf 78' lang='lat' dir='ltr'>sub·</span> <span class='ocrx_word' id='word_1_241' title='bbox 1738 2095 1742 2098; x_wconf 86' lang='lat'>·</span> 
     </span>
     <span class='ocr_line' id='line_1_33' title="bbox 294 2133 1692 2192; baseline 0.004 -17"><span class='ocrx_word' id='word_1_242' title='bbox 294 2133 511 2176; x_wconf 67' lang='lat' dir='ltr'>stantiam</span> <span class='ocrx_word' id='word_1_243' title='bbox 541 2145 663 2176; x_wconf 85' lang='lat' dir='ltr'>actus</span> <span class='ocrx_word' id='word_1_244' title='bbox 696 2136 767 2177; x_wconf 86' lang='lat' dir='ltr'>vel</span> <span class='ocrx_word' id='word_1_245' title='bbox 795 2134 1013 2192; x_wconf 80' lang='lat' dir='ltr'>passionis</span> <span class='ocrx_word' id='word_1_246' title='bbox 1039 2135 1284 2192; x_wconf 80' lang='lat' dir='ltr'>significat,</span> <span class='ocrx_word' id='word_1_247' title='bbox 1315 2142 1392 2182; x_wconf 86' lang='lat' dir='ltr'>sed</span> <span class='ocrx_word' id='word_1_248' title='bbox 1421 2151 1692 2184; x_wconf 86' lang='lat' dir='ltr'>tantummo-</span> 
     </span>
    </p>
   </div>
   <div class='ocr_carea' id='block_1_3' title="bbox 328 2296 1690 2810">
    <p class='ocr_par' dir='ltr' id='par_1_4' title="bbox 393 2296 1688 2442">
     <span class='ocr_line' id='line_1_34' title="bbox 394 2296 1688 2347; baseline 0.009 -17"><span class='ocrx_word' id='word_1_249' title='bbox 394 2308 568 2331; x_wconf 88' lang='lat' dir='ltr'>meorum</span> <span class='ocrx_word' id='word_1_250' title='bbox 595 2296 788 2332; x_wconf 88' lang='lat' dir='ltr'>Codicum.</span> <span class='ocrx_word' id='word_1_251' title='bbox 841 2299 1041 2333; x_wconf 83' lang='lat' dir='ltr'>Caeterum</span> <span class='ocrx_word' id='word_1_252' title='bbox 1067 2301 1274 2336; x_wconf 84' lang='lat' dir='ltr'>notandum</span> <span class='ocrx_word' id='word_1_253' title='bbox 1301 2309 1378 2347; x_wconf 83' lang='lat' dir='ltr'>est,</span> <span class='ocrx_word' id='word_1_254' title='bbox 1405 2304 1564 2339; x_wconf 79' lang='lat' dir='ltr'>Codices</span> <span class='ocrx_word' id='word_1_255' title='bbox 1582 2316 1688 2341; x_wconf 78' lang='lat' dir='ltr'>meos</span> 
     </span>
     <span class='ocr_line' id='line_1_35' title="bbox 393 2341 1687 2396; baseline 0.009 -21"><span class='ocrx_word' id='word_1_256' title='bbox 393 2341 564 2377; x_wconf 73' lang='lat' dir='ltr'>bachides</span> <span class='ocrx_word' id='word_1_257' title='bbox 581 2353 773 2387; x_wconf 74' lang='lat' dir='ltr'>perimam</span> <span class='ocrx_word' id='word_1_258' title='bbox 784 2356 802 2377; x_wconf 90' lang='lat' dir='ltr'>c</span> <span class='ocrx_word' id='word_1_259' title='bbox 814 2344 992 2387; x_wconf 87' lang='lat' dir='ltr'>scribere,</span> <span class='ocrx_word' id='word_1_260' title='bbox 1005 2351 1042 2378; x_wconf 84' lang='lat' dir='ltr'>et</span> <span class='ocrx_word' id='word_1_261' title='bbox 1058 2345 1098 2378; x_wconf 87' lang='lat' dir='ltr'>in</span> <span class='ocrx_word' id='word_1_262' title='bbox 1109 2344 1209 2391; x_wconf 78' lang='lat' dir='ltr'>LiPS.</span> <span class='ocrx_word' id='word_1_263' title='bbox 1226 2361 1253 2382; x_wconf 85' lang='lat'>1.</span> <span class='ocrx_word' id='word_1_264' title='bbox 1266 2349 1602 2396; x_wconf 80' lang='lat' dir='ltr'>alteramcpuneto</span> <span class='ocrx_word' id='word_1_265' title='bbox 1621 2364 1687 2387; x_wconf 78' lang='lat' dir='ltr'>no·</span> 
     </span>
     <span class='ocr_line' id='line_1_36' title="bbox 393 2388 1686 2442; baseline 0.01 -22"><span class='ocrx_word' id='word_1_266' title='bbox 393 2392 512 2421; x_wconf 81' lang='lat' dir='ltr'>tatam</span> <span class='ocrx_word' id='word_1_267' title='bbox 529 2399 624 2431; x_wconf 87' lang='lat' dir='ltr'>esse,</span> <span class='ocrx_word' id='word_1_268' title='bbox 643 2388 823 2432; x_wconf 83' lang='lat' dir='ltr'>ejusdem,</span> <span class='ocrx_word' id='word_1_269' title='bbox 835 2396 879 2422; x_wconf 84' lang='lat' dir='ltr'>ut</span> <span class='ocrx_word' id='word_1_270' title='bbox 887 2389 1049 2433; x_wconf 82' lang='lat' dir='ltr'>videtur,</span> <span class='ocrx_word' id='word_1_271' title='bbox 1061 2392 1125 2436; x_wconf 82' lang='lat' dir='ltr'>qui</span> <span class='ocrx_word' id='word_1_272' title='bbox 1137 2393 1317 2428; x_wconf 87' lang='lat' dir='ltr'>Codicem</span> <span class='ocrx_word' id='word_1_273' title='bbox 1336 2396 1548 2442; x_wconf 83' lang='lat' dir='ltr'>descripsit,</span> <span class='ocrx_word' id='word_1_274' title='bbox 1560 2409 1686 2434; x_wconf 82' lang='lat' dir='ltr'>manu.</span> 
     </span>
    </p>

    <p class='ocr_par' dir='ltr' id='par_1_5' title="bbox 345 2433 1690 2558">
     <span class='ocr_line' id='line_1_37' title="bbox 345 2433 1688 2488; baseline 0.01 -22"><span class='ocrx_word' id='word_1_275' title='bbox 345 2433 436 2467; x_wconf 80' lang='lat' dir='ltr'>Post</span> <span class='ocrx_word' id='word_1_276' title='bbox 457 2433 636 2479; x_wconf 85' lang='lat' dir='ltr'>pleraque</span> <span class='ocrx_word' id='word_1_277' title='bbox 661 2435 755 2468; x_wconf 86' lang='lat' dir='ltr'>haec</span> <span class='ocrx_word' id='word_1_278' title='bbox 782 2435 886 2469; x_wconf 87' lang='lat' dir='ltr'>addit</span> <span class='ocrx_word' id='word_1_279' title='bbox 910 2436 1045 2470; x_wconf 86' lang='lat' dir='ltr'>Dresd.</span> <span class='ocrx_word' id='word_1_280' title='bbox 1078 2437 1169 2472; x_wconf 86' lang='lat' dir='ltr'>Cod.</span> <span class='ocrx_word' id='word_1_281' title='bbox 1193 2447 1235 2473; x_wconf 82' lang='lat' dir='ltr'>ut</span> <span class='ocrx_word' id='word_1_282' title='bbox 1262 2441 1439 2485; x_wconf 81' lang='lat' dir='ltr'>deficiunt</span> <span class='ocrx_word' id='word_1_283' title='bbox 1469 2444 1508 2476; x_wconf 85' lang='lat' dir='ltr'>in</span> <span class='ocrx_word' id='word_1_284' title='bbox 1540 2445 1688 2488; x_wconf 80' lang='lat' dir='ltr'>infinito</span> 
     </span>
     <span class='ocr_line' id='line_1_38' title="bbox 382 2477 1690 2558; baseline 0.011 -47"><span class='ocrx_word' id='word_1_285' title='bbox 382 2477 520 2558; x_wconf 47' lang='lat' dir='ltr'>{ia-turo</span> <span class='ocrx_word' id='word_1_286' title='bbox 556 2485 593 2513; x_wconf 76' lang='lat' dir='ltr'>et</span> <span class='ocrx_word' id='word_1_287' title='bbox 629 2480 670 2513; x_wconf 85' lang='lat' dir='ltr'>in</span> <span class='ocrx_word' id='word_1_288' title='bbox 706 2481 843 2514; x_wconf 76' lang='lat' dir='ltr'>duobus</span> <span class='ocrx_word' id='word_1_289' title='bbox 881 2482 1089 2516; x_wconf 74' lang='lat' dir='ltr'>novissimis</span> <span class='ocrx_word' id='word_1_290' title='bbox 1122 2487 1325 2530; x_wconf 79' lang='lat' dir='ltr'>gerundiis.</span> <span class='ocrx_word' id='word_1_291' title='bbox 1372 2487 1515 2523; x_wconf 79' lang='lat' dir='ltr'>Eadem</span> <span class='ocrx_word' id='word_1_292' title='bbox 1542 2489 1625 2524; x_wconf 83' lang='lat' dir='ltr'>fere</span> <span class='ocrx_word' id='word_1_293' title='bbox 1651 2497 1690 2525; x_wconf 84' lang='lat' dir='ltr'>et</span> 
     </span>
    </p>

    <p class='ocr_par' dir='ltr' id='par_1_6' title="bbox 328 2536 551 2570">
     <span class='ocr_line' id='line_1_39' title="bbox 328 2536 551 2570; baseline 0.013 -14"><span class='ocrx_word' id='word_1_294' title='bbox 328 2547 330 2549; x_wconf 93' lang='lat'>-</span> <span class='ocrx_word' id='word_1_295' title='bbox 427 2536 497 2570; x_wconf 78' lang='lat' dir='ltr'>ips.</span> <span class='ocrx_word' id='word_1_296' title='bbox 517 2536 551 2570; x_wconf 77' lang='lat'>3.</span> 
     </span>
    </p>

    <p class='ocr_par' dir='ltr' id='par_1_7' title="bbox 346 2581 1688 2810">
     <span class='ocr_line' id='line_1_40' title="bbox 346 2581 1688 2637; baseline 0.01 -24"><span class='ocrx_word' id='word_1_297' title='bbox 346 2582 382 2628; x_wconf 71' lang='lat' dir='ltr'>s.</span> <span class='ocrx_word' id='word_1_298' title='bbox 401 2582 461 2630; x_wconf 57' lang='lat'>63.‘</span> <span class='ocrx_word' id='word_1_299' title='bbox 484 2583 685 2627; x_wconf 77' lang='lat' dir='ltr'>optativus,</span> <span class='ocrx_word' id='word_1_300' title='bbox 702 2581 969 2627; x_wconf 78' lang='lat' dir='ltr'>subjunctivus.</span> <span class='ocrx_word' id='word_1_301' title='bbox 998 2585 1104 2620; x_wconf 85' lang='lat' dir='ltr'>Libri</span> <span class='ocrx_word' id='word_1_302' title='bbox 1122 2586 1283 2632; x_wconf 85' lang='lat' dir='ltr'>vulgati:</span> <span class='ocrx_word' id='word_1_303' title='bbox 1309 2593 1507 2634; x_wconf 75' lang='lat' dir='ltr'>optativus,</span> <span class='ocrx_word' id='word_1_304' title='bbox 1533 2594 1688 2637; x_wconf 81' lang='lat' dir='ltr'>conjun-</span> 
     </span>
     <span class='ocr_line' id='line_1_41' title="bbox 391 2627 1683 2677; baseline 0.008 -15"><span class='ocrx_word' id='word_1_305' title='bbox 391 2629 510 2662; x_wconf 77' lang='lat' dir='ltr'>ctivus</span> <span class='ocrx_word' id='word_1_306' title='bbox 535 2628 613 2661; x_wconf 70' lang='lat' dir='ltr'>sive</span> <span class='ocrx_word' id='word_1_307' title='bbox 644 2627 910 2670; x_wconf 76' lang='lat' dir='ltr'>subjunctivus.</span> <span class='ocrx_word' id='word_1_308' title='bbox 963 2630 1155 2666; x_wconf 86' lang='lat' dir='ltr'>Omittunt</span> <span class='ocrx_word' id='word_1_309' title='bbox 1182 2635 1437 2677; x_wconf 71' lang='lat' dir='ltr'>conjunctivus</span> <span class='ocrx_word' id='word_1_310' title='bbox 1468 2633 1575 2672; x_wconf 86' lang='lat' dir='ltr'><strong>MSS.</strong></span> <span class='ocrx_word' id='word_1_311' title='bbox 1605 2638 1683 2672; x_wconf 83' lang='lat' dir='ltr'>Erl.</span> 
     </span>
     <span class='ocr_line' id='line_1_42' title="bbox 394 2673 1684 2725; baseline 0.007 -16"><span class='ocrx_word' id='word_1_312' title='bbox 394 2683 427 2709; x_wconf 89' lang='lat'>1.</span> <span class='ocrx_word' id='word_1_313' title='bbox 449 2683 483 2708; x_wconf 77' lang='lat'>2.</span> <span class='ocrx_word' id='word_1_314' title='bbox 501 2673 639 2708; x_wconf 84' lang='lat' dir='ltr'>Dresd.</span> <span class='ocrx_word' id='word_1_315' title='bbox 658 2673 758 2718; x_wconf 66' lang='lat' dir='ltr'>Lips‚</span> <span class='ocrx_word' id='word_1_316' title='bbox 784 2686 813 2708; x_wconf 87' lang='lat'>1.</span> <span class='ocrx_word' id='word_1_317' title='bbox 834 2687 866 2710; x_wconf 88' lang='lat'>2.</span> <span class='ocrx_word' id='word_1_318' title='bbox 885 2687 919 2720; x_wconf 78' lang='lat'>3.</span> <span class='ocrx_word' id='word_1_319' title='bbox 943 2676 1074 2712; x_wconf 81' lang='lat' dir='ltr'>Zwicc.</span> <span class='ocrx_word' id='word_1_320' title='bbox 1118 2679 1200 2713; x_wconf 88' lang='lat' dir='ltr'>MS.</span> <span class='ocrx_word' id='word_1_321' title='bbox 1226 2680 1325 2725; x_wconf 83' lang='lat' dir='ltr'>Lips.</span> <span class='ocrx_word' id='word_1_322' title='bbox 1350 2693 1377 2715; x_wconf 82' lang='lat'>1.</span> <span class='ocrx_word' id='word_1_323' title='bbox 1400 2683 1446 2717; x_wconf 83' lang='lat' dir='ltr'>ab</span> <span class='ocrx_word' id='word_1_324' title='bbox 1474 2683 1548 2717; x_wconf 79' lang='lat' dir='ltr'>alia</span> <span class='ocrx_word' id='word_1_325' title='bbox 1570 2694 1684 2718; x_wconf 73' lang='lat' dir='ltr'>manu</span> 
     </span>
     <span class='ocr_line' id='line_1_43' title="bbox 391 2718 1685 2774; baseline 0.006 -20"><span class='ocrx_word' id='word_1_326' title='bbox 391 2720 505 2764; x_wconf 78' lang='lat' dir='ltr'>supra</span> <span class='ocrx_word' id='word_1_327' title='bbox 533 2719 716 2764; x_wconf 82' lang='lat' dir='ltr'>scriptum</span> <span class='ocrx_word' id='word_1_328' title='bbox 738 2718 871 2755; x_wconf 81' lang='lat' dir='ltr'>refert.</span> <span class='ocrx_word' id='word_1_329' title='bbox 920 2721 1117 2769; x_wconf 84' lang='lat' dir='ltr'>Iidemque</span> <span class='ocrx_word' id='word_1_330' title='bbox 1135 2724 1251 2758; x_wconf 87' lang='lat' dir='ltr'>Codd.</span> <span class='ocrx_word' id='word_1_331' title='bbox 1274 2732 1311 2759; x_wconf 85' lang='lat' dir='ltr'>et</span> <span class='ocrx_word' id='word_1_332' title='bbox 1329 2735 1416 2763; x_wconf 86' lang='lat' dir='ltr'>ante</span> <span class='ocrx_word' id='word_1_333' title='bbox 1432 2729 1685 2774; x_wconf 67' lang='lat' dir='ltr'>subjunctivu-</span> 
     </span>
     <span class='ocr_line' id='line_1_44' title="bbox 390 2764 1392 2810; baseline 0.009 -12"><span class='ocrx_word' id='word_1_334' title='bbox 390 2766 580 2810; x_wconf 61' lang='lat' dir='ltr'>iguornnt.</span> <span class='ocrx_word' id='word_1_335' title='bbox 630 2764 763 2800; x_wconf 81' lang='lat' dir='ltr'>Zwicc.</span> <span class='ocrx_word' id='word_1_336' title='bbox 784 2776 818 2801; x_wconf 83' lang='lat'>2.</span> <span class='ocrx_word' id='word_1_337' title='bbox 839 2773 878 2801; x_wconf 82' lang='lat' dir='ltr'>et</span> <span class='ocrx_word' id='word_1_338' title='bbox 897 2767 991 2806; x_wconf 81' lang='lat' dir='ltr'><strong>Edd,</strong></span> <span class='ocrx_word' id='word_1_339' title='bbox 1014 2769 1392 2807; x_wconf 50' lang='lat' dir='ltr'>tremat-exhibent.</span> 
     </span>
    </p>
   </div>
  </div>
 </body>
</html>
