1748 3112
328 235 410 281 560
699 238 826 282 LIB.
857 239 995 280 XIII.
1053 240 1353 285 CAP.1.11.²

329 354 406 396 sed
407 352 743 419 possessionis„
777 367 890 409 quae
921 368 1026 396 cum
1050 353 1324 398 extrinsecus
1348 354 1612 406 declinatur,
1646 372 1722 401 vo-

330 409 532 452 cativum
568 424 744 466 quoque
773 421 957 467 propter
987 413 1225 454 secundam
1258 413 1443 455 assumit
1473 428 1724 479 personam,

329 482 432 510 cum
467 469 519 508 ad
550 482 644 507 earn
681 466 908 523 dirigatur.
970 467 1206 510 Terentius
1234 470 1281 511 in
1315 469 1550 535 Adelphis.
1594 475 1727 512 Pater

331 529 399 565 mi.
462 527 583 565 Idem
610 523 657 564 in
681 526 928 566 Eunucho·
964 526 1001 564 O
1021 542 1111 565 mea
1131 536 1189 566 tu.
1249 528 1373 568 Idem
1399 525 1447 568 in
1468 529 1653 570 eodem:
1690 530 1727 568 O

330 598 421 622 mea
449 583 602 630 Thais,
629 596 761 621 meum
781 586 988 622 suavium.
1047 582 1209 623 Idem
1196 598 1242 624 ιιι
1263 583 1498 639 Adelphis.
1533 585 1572 624 O
1591 595 1726 626 noster

329 643 504 679 Demea.
565 640 746 679 Nostras
760 652 957 702 quoque
999 638 1164 694 gentile
1196 642 1391 681 eundem
1422 642 1554 682 habet
1581 641 1725 684 nomi·

328 694 535 736 nativum
559 705 602 736 et
623 693 895 736 vocativum.
956 696 1052 738 Alia
1073 710 1195 743 vero,
1213 696 1330 738 sicut
1353 696 1606 747 docuimus,
1627 713 1727 755 pos·

328 751 494 794 sessiva
513 749 795 816 pronomina,
829 751 952 818 quia
958 754 1179 794 secundae
1202 753 1389 810 adjungi
1410 768 1502 797 non
1521 766 1725 820 possunt,

329 819 481 851 carent
516 806 735 850 vocativo.
797 811 913 851 Sunt
939 808 1078 865 igitur
1108 808 1191 850 alia
1212 821 1492 866 monoptota,
1519 820 1575 853 ut
1594 811 1725 860 istoc,

329 880 511 913 eccum,
545 879 691 912 eccos,
730 866 890 913 ellum,
929 880 1132 918 mecum,
1163 877 1336 915 tecum,
1368 881 1546 917 secum,
1577 868 1726 910 nobis

329 937 446 974 cum,
477 921 727 963 vobiscum.
787 921 885 964 Alia
911 921 1110 981 triptota,
1143 934 1194 964 ut
1213 922 1296 971 sui,
1329 922 1431 972 sibi,
1465 939 1526 977 se,
1555 939 1723 974 meum,

330 993 486 1028 tuum,
517 994 668 1025 suum,
709 990 937 1026 nostrum,
977 991 1192 1023 vestrum.
1255 980 1348 1022 Alia
1380 991 1644 1047 tetraptota,
1676 992 1729 1023 ut

327 1049 446 1084 tuus,
480 1050 602 1083 suus,
634 1034 761 1083 illud,
795 1035 930 1078 istud.
990 1035 1084 1078 Alia
1111 1048 1386 1093 pentaptota,
1418 1048 1467 1079 ut
1494 1038 1581 1087 ille,
1614 1053 1724 1104 ipse,

327 1095 427 1138 iste.
469 1095 584 1135 Nam
607 1094 842 1158 hexaptota
863 1093 1131 1148 pronomina
1153 1108 1246 1135 non
1268 1093 1587 1144 inveniuntur,
1620 1093 1728 1151 quia

326 1151 523 1193 secunda
544 1163 744 1206 persona,
769 1147 818 1190 in
838 1159 945 1216 qua
951 1151 1042 1192 sola
1061 1165 1133 1192 sex
1159 1159 1284 1192 casus
1301 1150 1501 1195 inveniri
1522 1162 1724 1218 possunt,

328 1205 524 1248 similem
558 1208 692 1248 habet
724 1205 1008 1248 nominativo
1044 1206 1332 1258 vocativum,
1363 1219 1417 1249 ut
1439 1207 1689 1264 Virgilius’
1675 1223 1726 1251 in

326 1267 419 1306 1111.
427 1259 776 1304 nominativum
796 1261 1008 1318 protulit:
1049 1267 1188 1318 Daque
1201 1281 1386 1319 puerque
1404 1272 1513 1309 tuus.
1558 1266 1726 1309 Teren·

281 1331 302 1365 3
328 1321 417 1362 tius
452 1319 712 1361 vocativum
753 1319 803 1360 in
841 1322 1092 1362 Eunuchffo
1142 1323 1179 1360 Ο
1208 1338 1303 1365 mea
1330 1332 1389 1364 tu.
1468 1321 1605 1365 Deriv
1607 1320 1725 1364 ativa

328 1391 510 1433 quoque
538 1377 706 1432 primae
741 1391 957 1441 personae
987 1379 1153 1419 habent
1183 1378 1441 1427 vocativus,
1489 1378 1614 1434 quia
1628 1392 1726 1434 pos-

326 1444 430 1484 sunt
449 1434 668 1475 secundae
698 1432 882 1498 adjungi
905 1447 1129 1488 personae,
1163 1444 1215 1475 ut
1240 1434 1425 1479 dictum
1437 1445 1516 1486 est,
1546 1449 1639 1477 non
1662 1445 1723 1477 ta-

325 1505 431 1535 men
459 1489 508 1530 in
540 1488 750 1532 omnibus
781 1488 1010 1531 variantur
1030 1489 1216 1534 casibus
1275 1491 1402 1533 Nec
1388 1507 1435 1533 m
1461 1490 1724 1556 nominibus

326 1559 478 1590 tamen
500 1548 588 1587 hoe
610 1543 834 1610 invenies,
864 1544 953 1587 nisi
983 1545 1142 1595 tribus,
1176 1561 1289 1602 quae
1309 1547 1662 1592 nominativum
1670 1547 1721 1590 in

325 1619 384 1646 us
401 1614 443 1644 et
463 1601 716 1667 genitivum
738 1601 787 1642 in
821 1600 896 1643 ius
924 1602 1211 1645 terminantia
1241 1606 1502 1647 secundum
1517 1609 1724 1670 quorun-''-

328 1663 430 1703 dam
451 1657 776 1723 pronominum
799 1658 1144 1702 declinationem
1165 1663 1424 1703 flectuntur.
1464 1662 1613 1705 Unde
1625 1659 1724 1718 qui-

327 1719 430 1760 dam
469 1714 643 1772 decepti
673 1714 944 1780 pronomina
973 1731 1022 1757 ea
1063 1731 1157 1758 esse
1187 1729 1478 1773 putaverunt,
1521 1728 1574 1760 ut
1597 1733 1722 1766 nnus

324 1772 477 1821 unius,
496 1773 615 1814 solus
637 1771 789 1821 solius,
807 1782 925 1813 totus
947 1772 1111 1822 totius;
1144 1789 1249 1816 nam
1267 1776 1398 1823 ullus,
1421 1775 1587 1822 nullus,
1609 1773 1723 1823 alius

324 1829 558 1872 vocatives
583 1830 743 1871 habere
770 1842 861 1870 non
891 1841 1106 1885 possunt,
1137 1845 1242 1873 cum
1271 1833 1491 1896 abnegant
1517 1839 1720 1887 praesen-

323 1886 443 1934 tium
481 1884 910 1928 demonstrationem
948 1901 1264 1942 personarum,
1309 1887 1544 1930 vocativus
1573 1898 1735 1933 autem*

322 1953 599 2007 praesentem
620 1943 735 1984 solet
760 1943 1062 1984 demonstrare
1080 1958 1331 2010 personam.

261 2005 301 2039 ΙΙ
441 2002 555 2042 Sunt
585 1997 725 2062 igitur
756 1997 803 2038 in
833 1999 1175 2063 pronominibus
1203 1999 1331 2043 modi
1367 1981 1722 2046 declinationum

278 2062 302 2096 4
327 2068 530 2122 quatuor.
591 2053 789 2102 Primus,
822 2052 900 2110 qui
921 2054 970 2096 in
993 2054 1133 2098 tribus
1163 2056 1499 2112 primitivorum
1519 2057 1720 2123 personis

325 2111 527 2166 cernitur
545 2127 626 2177 per
648 2111 853 2167 obliquos
879 2124 1018 2154 casus.
1076 2115 1192 2155 Nam
1213 2113 1521 2157 nominativus
1546 2113 1719 2179 primae

323 2182 538 2227 personae
559 2168 765 2210 dissonus
799 2178 863 2208 est
889 2182 913 2208 a
941 2167 1159 2232 genitivo.
1219 2170 1396 2213 Tertiae
1420 2184 1526 2213 vero
1547 2169 1716 2220 deficit,

323 2236 378 2270 ut
398 2240 479 2283 ego
500 2224 591 2268 mei
611 2225 684 2267 vel
689 2221 804 2279 ιιιίε,
835 2235 888 2267 tu
906 2224 976 2267 tui
1006 2227 1080 2268 vel
1103 2225 1176 2279 tis,
1205 2226 1298 2281 sui,
1324 2229 1450 2285 quod
1466 2226 1619 2274 debuit
1640 2242 1717 2295 se·-

370 2427 406 2471 S.
430 2438 461 2461 2.
489 2425 708 2460 declinatur.
748 2425 871 2471 Vulgo
892 2425 1105 2460 declinetur.
1154 2426 1231 2460 Nos
1252 2425 1436 2461 Codicum
1451 2425 1719 2462 auctoritatem

418 2471 539 2506 secuti
557 2472 799 2506 indicativum
825 2472 1070 2506 restituimus.

343 2527 345 2529 ·
370 2519 529 2553 manmit
553 2517 757 2571 personum.
805 2519 864 2552 Ita
890 2518 1098 2553 secundum
1119 2517 1563 2553 Codd.Luth.Heide1b
1589 2524 1716 2555 eaete-

415 2574 558 2609 rosque
575 2562 710 2608 scripsi
725 2575 795 2609 pro
813 2566 1020 2610 assumpsit.
1064 2565 1157 2599 Mox
1175 2566 1349 2611 dirigitur
1364 2576 1434 2610 pro
1453 2565 1638 2612 dirigatur
1655 2576 1716 2600 se—

419 2610 585 2644 cundum
603 2610 805 2655 plerosque
827 2610 943 2644 Codd.
966 2610 1079 2645 auidi.

330 2677 338 2682 -
373 2658 520 2692 Terent.
541 2655 787 2702 iri-Adelphis.
801 2657 891 2690 Act.
910 2658 953 2690 V.
974 2658 1031 2691 Sc.
1043 2668 1076 2703 7.
1098 2668 1148 2690 vs.
1161 2667 1195 2702 5.
1245 2658 1348 2691 Idem
1366 2658 1406 2691 in
1424 2659 1519 2691 Eun.
1532 2657 1624 2691 -.Aet
1643 2654 1710 2691 N.

346 2720 359 2734 ·.
404 2702 518 2747 ⁵ss3
498 2714 531 2747 3.
553 2714 604 2736 vs.
625 2713 682 2736 22.
730 2703 833 2736 Idem
852 2713 894 2736 ιη
913 2704 1047 2738 eodem.
1067 2703 1153 2739 Act.
1174 2703 1247 2741 11¹1.
1269 2703 1328 2740 Sc
1348 2714 1380 2741 a.
1401 2714 1454 2739 vs,
1465 2713 1500 2748 3.
1549 2703 1652 2739 Idem
1669 2703 1710 2736 in

419 2748 611 2798 Adelphis
645 2748 728 2786 Act.
748 2748 792 2785 V.
811 2749 868 2786 Sc.
890 2761 924 2797 9.
947 2760 996 2784 vs.
1017 2760 1052 2796 4.
