1748 3112
313 262 397 314 384
697 260 820 302 LIB.
852 261 981 303 vlu.
1040 261 1182 304 CAP.
1214 263 1321 306 vu.

313 379 413 418 darn
450 389 545 418 esse
579 372 781 430 experior
820 386 1080 422 commune,
1135 384 1179 415 et
1220 373 1428 431 opperior
1464 375 1706 430 deponens.

311 431 527 490 Virgilius
556 431 606 472 in
634 433 706 477 Xl.
734 433 912 484 Experto
932 431 1114 479 credite,
1145 441 1331 485 quantus
1361 436 1409 472 in
1429 432 1705 485 clipeum'adf·

311 500 475 543 surgat.
534 491 820 544 Quamquam
838 486 1022 543 simplex
1042 492 1134 540 ejus
1158 487 1328 543 peritus
1347 486 1432 540 sit,
1462 492 1588 540 cujus
1610 501 1704 529 ver·

310 550 419 590 bum
451 545 499 586 in
525 559 613 587 usu
640 558 731 586 nou
753 555 840 592 est,
873 545 995 599 quod
1016 544 1169 585 debuit
1189 546 1435 587 secundum
1452 542 1706 600 analogiam

309 603 458 662 perior
475 616 581 644 esse.
641 599 876 644 Terentius
901 601 947 642 in
967 600 1216 657 supradicta
1239 601 1411 643 fabula:
1438 604 1530 642 Hic
1542 615 1617 654 ego
1636 603 1702 640 in-

312 673 421 701 terea
441 662 580 699 virum
600 657 826 713 opperibor.
886 659 1001 699 Nam
1036 657 1228 714 reperio,
1262 656 1515 713 comperio,
1549 670 1705 711 coope-

309 717 396 765 tio,
427 715 547 758 sicut
579 713 758 771 aperio,
793 711 939 755 activa
969 725 1099 764 sunt;
1131 713 1305 756 faciunt
1331 713 1455 755 enim
1473 728 1524 756 ex
1545 727 1593 754 se
1609 726 1704 769 pas-

291 774 416 815 siva.
476 776 530 814 Et
551 782 737 828 possunt
757 769 898 827 magis
923 785 946 811 a
968 768 1092 826 pario
1108 770 1255 812 videri
1277 769 1549 826 composita,
1582 770 1707 825 quod

309 831 428 887 apud
443 827 780 871 vetustissimos
809 838 988 882 quartae
1011 826 1340 884 conjugationis
1360 825 1708 868 declinationem

308 889 511 929 habebat.
571 883 762 927 Ennius}
798 885 889 923 0ιά
907 887 1053 937 parire
1074 886 1178 923 solet
1191 899 1325 938 genus
1338 885 1487 937 pennis
1507 884 1706 922 condeco-

238 959 284 993 34
308 954 461 984 ratu-m.
519 940 652 985 Facio
683 955 785 982 cum
826 940 886 981 sit
918 951 1128 981 neutrum
1147 971 1159 992 ,
1190 951 1241 981 ut
1267 954 1399 996 supra
1418 937 1637 985 diximus,
1668 937 1707 980 si

306 1015 410 1043 cum
451 996 788 1056 praepositione
817 1008 1137 1052 componatur,
1178 999 1441 1053 plerumque
1466 995 1624 1037 tran-it
1652 994 1705 1036 in

305 1057 532 1104 activum,
571 1065 624 1096 ut
647 1052 839 1096 conficio
870 1052 1106 1098 conficior,
1139 1051 1322 1109 perficio
1345 1050 1576 1108 perficior,
1607 1049 1705 1092 affi-

303 1112 375 1156 cio
397 1112 590 1160 afficior,
630 1109 784 1152 reficio
806 1108 1007 1158 reficior,
1051 1108 1201 1151 officio
1225 1108 1414 1151 officior.
1473 1106 1702 1150 luvenalis

302 1170 400 1215 inl.
431 1172 490 1210 Et
518 1172 707 1224 quotiens
728 1177 789 1215 te,
819 1168 982 1216 Roma,
1013 1177 1085 1208 tuo
1107 1169 1226 1218 refici
1247 1174 1542 1220 properantem
1560 1166 1704 1205 reddet

301 1228 487 1281 Aquino.
550 1222 787 1267 Lucretius
804 1222 853 1263 in
875 1226 925 1264 11.
949 1226 1214 1277 Quapropter
1233 1225 1364 1263 simul
1380 1225 1491 1262 inter
1507 1237 1550 1262 ce
1565 1231 1704 1262 retra*

303 1286 463 1325 huntur
488 1292 528 1323 et
557 1291 705 1330 extra,
737 1281 1004 1333 officiuntur,
1033 1284 1100 1320 uti
1119 1289 1326 1334 cogantur
1348 1280 1517 1319 tardius
1537 1282 1608 1318 ire.
1666 1281 1703 1320 Δ

300 1338 489 1397 profrcio
528 1338 695 1381 Statius
737 1335 1034 1393 impersonale
1069 1335 1256 1393 protulit
1289 1335 1337 1377 in
1366 1339 1440 1376 111.
1469 1335 1702 1383 Prosae-itur

302 1398 419 1438 bello.
479 1394 653 1438 Deficio
693 1403 839 1434 autem
876 1394 976 1434 loco
1004 1391 1170 1449 passivi
1209 1391 1325 1433 defio
1354 1389 1477 1434 facit.
1537 1394 1701 1434 Teren·

301 1453 395 1494 tius
423 1451 470 1494 in
494 1451 742 1495 Eunucho:
771 1451 902 1491 Nihil
925 1465 1019 1489 cum
1050 1460 1136 1501 est,
1165 1451 1281 1489 nihil
1296 1449 1402 1498 defit.
1464 1449 1578 1491 Cum
1607 1462 1699 1503 pas-

302 1507 447 1551 sivam
483 1507 580 1550 vim
611 1509 760 1554 habet,
801 1505 918 1547 defio
948 1504 1069 1548 facit.
1129 1508 1245 1548 Sunt
1285 1515 1441 1546 tamen*
1454 1503 1537 1546 alia
1564 1518 1614 1546 ex
1645 1518 1698 1546 eo

299 1566 398 1622 ipso
418 1576 463 1608 et
481 1581 533 1610 ex
555 1562 652 1606 aliis
675 1561 950 1618 composita,
991 1576 1104 1618 quae
1125 1576 1219 1604 non
1243 1562 1384 1603 solum
1410 1559 1701 1618 significatio·

234 1630 238 1634 “
300 1624 430 1672 nem',
461 1623 540 1664 sed
571 1617 1106 1676 etiamsconjugationem,
1138 1629 1191 1661 ut
1208 1618 1381 1661 dictum
1406 1628 1487 1666 est,
1519 1630 1696 1674 permn-

351 1784 531 1832 Virgile'us
561 1787 600 1818 in
627 1785 700 1819 XI.
727 1794 778 1817 vs.
809 1787 887 1826 284.
929 1783 1111 1830 adsurgat
1136 1783 1270 1829 scripsi
1299 1782 1507 1818 secundum
1538 1782 1698 1818 Codices

391 1831 593 1865 nonnullos
613 1841 683 1876 pro
701 1835 884 1875 assurgat.
909 1828 987 1862 Erl.
1010 1841 1041 1863 2.
1060 1836 1202 1876 surgat.
1248 1830 1401 1865 Deinde
1420 1829 1522 1865 edidi
1540 1828 1695 1877 clipeum

391 1889 460 1923 pro
481 1877 655 1922 clypeum.
706 1875 807 1919 Lips.
830 1887 862 1909 2.
884 1874 934 1908 cli
955 1884 1075 1919 peuta-
1095 1881 1097 1883 ’

349 1923 542 1960 Terentius
562 1925 600 1956 in
620 1933 733 1967 supra
754 1922 855 1962 dicta
871 1919 917 1964 fa
944 1919 1019 1954 ula.
1053 1920 1260 1955 Heautont.
1286 1921 1367 1955 Act.
1381 1921 1444 1956 IV.
1466 1921 1524 1955 Sc.
1548 1932 1578 1955 1.
1595 1932 1648 1955 vs.
1661 1918 1695 1954 6.

391 1971 465 2004 Pro
481 1981 551 2015 ega.
564 1969 673 2003 MSS.
696 1966 808 2001 Luth2
830 1966 932 2010 Lips.
956 1977 988 2000 2.
1007 1977 1105 2012 ergo.
1152 1966 1222 2001 Ed.
1242 1967 1335 2001 Ven.
1360 1979 1389 2001 1.
1408 1968 1482 2001 Hic
1497 1978 1563 2012 ego
1577 1968 1672 2010 jam.

342 2028 369 2050 a
385 2015 493 2062 pario
512 2026 604 2060 esse.
628 2012 757 2056 Adjeci
773 2022 842 2056 ego
864 2012 1007 2046 eMSS.
1030 2011 1142 2046 Luth.
1166 2011 1299 2046 Zwicc,
1327 2025 1354 2046 1.
1377 2025 1408 2048 2.
1431 2012 1569 2047 Dresd.
1591 2011 1693 2046 aliis-

391 2072 465 2107 que
491 2073 585 2096 esse.
631 2059 714 2093 MS.
733 2057 845 2092 Luth.
865 2063 954 2092 ante
983 2057 1262 2093 correctionem
1284 2059 1389 2103 perio
1408 2057 1607 2094 exhibebat
1623 2069 1693 2103 pro

305 2138 309 2142 .
379 2118 511 2153 pano.

318 2175 320 2179 -
340 2153 479 2201 permis
507 2151 796 2187 condecoratam.
842 2149 930 2184 Duo
951 2148 1069 2192 Codd.
1085 2151 1229 2196 pinnis.

342 2201 380 2246 5.
400 2203 456 2245 34..
483 2199 573 2233 Post
601 2196 750 2242 conficio
772 2195 896 2231 delevi
915 2206 1002 2229 cum
1021 2197 1130 2231 MSS.
1153 2197 1286 2234 Zwicc.
1310 2208 1340 2231 1.
1361 2209 1392 2231 α.
1415 2196 1527 2231 Luth.
1550 2201 1603 2239 et.

344 2256 541 2294 Juvenalis
562 2255 602 2289 in
622 2256 655 2288 I.
682 2255 757 2288 Sat.
781 2254 851 2287 ΙΙΙ.
875 2264 927 2287 vs.
945 2264 1025 2300 319·
1084 2255 1279 2287 Lucretius
1298 2254 1339 2287 in
1359 2256 1416 2288 ΙΙ.
1439 2265 1512 2288 vus.
1537 2263 1613 2299 154.
1632 2264 1688 2299 55.

391 2302 537 2336 Statius
558 2303 598 2334 in
615 2302 692 2335 ΙΙΙ.
713 2299 1001 2344 νε.ΡεηιιΙῐίῐιιο.
1057 2300 1248 2333 Terentius
1267 2301 1307 2332 in
1320 2299 1510 2343 Eunucho,
1533 2301 1614 2334 Aet.
1637 2301 1689 2334 ΙΙ.

389 2348 450 2382 Sc.
471 2359 503 2382 2.
524 2358 577 2381 vs.
605 2358 658 2380 12.
707 2346 780 2380 Pro
802 2346 953 2390 vulgato
973 2357 1052 2378 cum
1071 2352 1128 2378 est
1146 2351 1303 2390 propter
1314 2345 1497 2380 Codicum
1514 2356 1691 2381 meorum

390 2402 616 2427 consensum
643 2402 722 2425 non
748 2391 877 2436 potui,
903 2390 994 2436 quin
1013 2391 1111 2425 inest
1139 2389 1360 2425 scriberem.
1408 2391 1520 2425 MSS.
1549 2391 1686 2427 Dresd.

390 2439 470 2474 Erl.
497 2451 526 2473 1.
549 2440 714 2472 interest.
740 2436 834 2471 Edd.
857 2437 949 2470 Ven.
972 2436 1164 2480 vulgatam
1182 2442 1350 2470 tuentur.
1386 2437 1431 2471 In
1446 2437 1533 2474 MS.
1553 2438 1686 2472 Zwicc.

395 2497 424 2520 1.
449 2496 528 2519 cum
546 2494 658 2528 supra
685 2482 869 2527 scriptum
888 2488 956 2516 est.
1006 2483 1095 2516 Post
1114 2481 1203 2526 defit
1223 2481 1407 2517 Codicum
1424 2493 1599 2518 meorum
1615 2484 1687 2527 jus-

328 2550 332 2552 -
391 2543 435 2566 su
447 2529 566 2565 omisi
583 2536 718 2571 tamen,
743 2528 843 2575 quod
861 2534 900 2562 et
918 2527 1013 2561 Edd.
1037 2528 1130 2560 Ven.
1151 2528 1339 2573 ignorant.
1593 2568 1596 2571 ,

317 2584 424 2614 *cum
438 2578 632 2622 passivam
651 2576 725 2609 vim
741 2574 865 2615 habet,
892 2574 1021 2618 deficio
1039 2571 1151 2617 facit.
1198 2576 1257 2612 [ta
1273 2574 1438 2609 fidenter
1455 2574 1565 2611 um'us
1577 2573 1689 2610 Codi-

391 2624 444 2658 cis
470 2620 695 2658 auctoritate
714 2621 845 2655 Zwicc.
869 2632 898 2654 1.
919 2619 994 2653 scri
1022 2620 1063 2653 si.
1115 2620 1235 2665 Vulgo
1262 2620 1366 2655 enim
1391 2631 1461 2665 pro
1480 2620 1609 2666 deficio
1631 2620 1686 2655 le·

389 2670 494 2716 gitur
514 2667 621 2712 defio,
648 2666 750 2712 quod
773 2666 962 2712 quomodo
992 2631 1146 2699 defendi
1175 2666 1306 2711 possit,
1331 2666 1507 2712 equidem
1532 2677 1609 2701 non
1627 2665 1685 2699 in-

387 2714 534 2760 telligo.
579 2712 740 2748 Edoceri
756 2713 917 2757 cupiam.
966 2711 1066 2746 Mihi
1086 2711 1239 2764 quidem
1259 2712 1374 2746 totius
1391 2712 1468 2747 loci
1484 2722 1614 2747 semus
1634 2711 1685 2745 vi-

390 2762 503 2797 detur
528 2759 592 2794 hic
615 2770 711 2795 esse.
758 2757 968 2804 Distinguit
986 2757 1199 2793 Priscianus
1228 2758 1330 2794 inter
1355 2758 1519 2794 formam
1543 2763 1584 2793 et
1607 2757 1685 2795 vim
