1748 3112
272 233 353 293 298
604 234 905 286 Lxsszvn
941 235 1089 279 cAP.
1113 236 1200 282 111
1232 238 1316 280 ιν.

271 347 375 391 ralis
405 348 479 398 fit,
518 346 663 389 addita
693 361 714 392 β
736 348 939 392 'ablativo'
947 347 1180 407 'singu-lari.
1237 348 1511 407 Producitur
1535 350 1669 430 enim,

272 417 325 449 ut
341 407 420 448 hos
440 415 615 461 poetas,
648 405 723 445 has
743 407 911 448 Musas.
1008 446 1011 449 ,

190 466 242 501 IV
381 463 584 505 Secunda
605 460 843 504 declinatio
870 462 1209 506 terminationes
1238 465 1371 506 habet
1392 442 1665 510 nominativi

181 524 245 568 ιη
270 536 366 569 sex,
399 519 447 560 in
468 535 538 567 er,
570 518 633 567 ir,
664 533 739 567 ur,
771 533 847 572 us,
876 534 979 569 eus,
1012 537 1103 564 um.
1160 523 1215 562 In
1245 536 1290 562 er
1317 520 1667 586 masculinorum

268 589 360 620 tam
381 575 660 619 Latinorum
675 589 807 631 quam
833 552 1128 627 ’Graecorurm
1167 587 1219 620 ut
1249 592 1378 633 caper
1397 578 1542 634 capri,
1556 580 1666 621 Ale-

269 636 435 676 xander
459 632 734 675 Alexandri..
762 634 861 675 lber
896 632 1030 677 etiam
1071 634 1211 682 Iberi,
1250 636 1370 691 quod
1401 650 1482 690 per
1510 649 1668 700 apoco-

267 705 371 756 pam
403 701 622 731 extremae
651 668 841 743 syllabae
873 693 1096 746 prolatum
1131 692 1314 733 solum
1301 706 1349 734 m
1373 693 1456 733 hac
1476 681 1666 739 declina·

269 747 394 789 tione
421 745 630 811 producit
650 761 717 794 er..
760 758 804 788 et
834 748 888 789 ab
919 763 974 791 eo
996 747 1296 813 compositum
1317 747 1511 791 Celtiber
1534 747 1668 792 Celti·

266 804 381 846 beri.
442 802 626 850 Dicitur
645 814 792 845 tamen
816 814 858 845 et
879 806 982 847 Iber
1005 806 1119 849 Iberi
1142 819 1220 861 pro
1239 804 1669 861 Hispanus.et1ber

266 861 420 909 Iberis,
453 861 637 917 quando
655 861 709 902 de
725 859 798 902 illa
817 872 947 927 gente
967 862 1204 927 loquimur,
1233 877 1347 918 quae
1366 873 1433 903 est
1452 866 1572 913 juxta
1593 865 1671 904 Ar·

267 917 467 966 menios,
510 928 555 958 et
573 919 726 959 Iberus
748 918 862 960 Iberi
890 917 1068 960 fluvius.
1130 920 1259 960 Unde
1280 922 1479 960 Lucanus
1501 917 1550 960 in
1570 921 1668 984 llll.

275 978 363 1029 Qui
384 984 594 1030 praestat
618 978 742 1015 terris
772 976 916 1029 aufert
935 977 1015 1016 tibi
1040 991 1186 1016 nomen
1209 976 1366 1016 Iberus.
1425 973 1510 1018 In
1496 990 1534 1016 ir
1555 986 1598 1016 ct
1620 973 1668 1016 in

267 1047 323 1074 ur
363 1031 635 1075 Latinorum
688 1042 862 1073 tantum
921 1032 1293 1079 masculinorum,
1342 1042 1396 1073 ut
1439 1030 1535 1072 vir
1560 1029 1666 1078 viri,

267 1100 392 1131 satur
421 1087 590 1132 saturi..
631 1089 685 1129 In
711 1102 766 1130 us
796 1089 1058 1131 Latinorum
1087 1100 1130 1132 et
1159 1085 1457 1137 Graecorum,
1489 1102 1670 1131 mascu-

266 1148 466 1189 linorum
489 1156 544 1186 et
574 1144 923 1187 foemininorum
964 1157 1344 1212 neutrorumque,
1382 1156 1436 1186 ut
1462 1145 1540 1187 hic
1573 1146 1667 1187 cla-

263 1218 341 1245 rus
360 1206 493 1255 hujus
526 1200 655 1250 clari,
698 1205 919 1245 Homerus
939 1202 1152 1257 Homeri,
1192 1206 1302 1244 haec
1316 1216 1559 1268 cupressus
1582 1204 1668 1244 hu-

264 1265 335 1314 jus
367 1258 591 1323 cupressi
631 1261 742 1301 haec
769 1260 968 1315 platanus
991 1262 1127 1312 hujus
1158 1258 1352 1316 platani,
1395 1262 1485 1301 hoc
1504 1260 1667 1316 vulgus

264 1320 399 1369 hujus
420 1315 560 1371 vulgi.
591 1314 772 1358 Dicitur
791 1325 940 1358 tamen
971 1328 1032 1357 et
1030 1316 1116 1362 hic
1139 1319 1314 1374 vulgus.
1362 1318 1478 1358 Hoc
1474 1317 1667 1371 pelagus

263 1376 401 1425 hujus
419 1371 590 1429 pelagi.
628 1376 687 1414 ln
716 1388 792 1415 eus
815 1376 1099 1415 Graecorum·
1094 1384 1281 1415 ·tantum
1301 1371 1666 1421 masculinorum,

264 1429 343 1472 hic
357 1431 544 1482 Tydeus
565 1431 697 1481 hujus
708 1429 884 1482 Tydei,
917 1431 1121 1486 Orpheus
1147 1427 1329 1495 Orphei.
1380 1432 1440 1470 ln
1463 1444 1540 1470 um
1560 1443 1666 1470 neu·

263 1498 437 1529 trorum
474 1497 563 1526 tam
584 1487 865 1532 Graecorum
905 1501 1039 1542 quam
1068 1485 1356 1534 Latinorum,
1408 1496 1452 1526 et
1481 1485 1667 1540 figurate

266 1542 620 1586 foemininorum
654 1544 772 1598 apud
795 1543 1014 1594 comicos,
1047 1545 1132 1586 hoc
1159 1558 1346 1608 regnum
1368 1544 1501 1594 hujus
1523 1541 1665 1607 regni,

265 1604 353 1642 hoc
373 1598 550 1642 Pelium
572 1601 702 1651 hujus
725 1599 864 1648 Pelii,
907 1603 1016 1642 haec
1038 1599 1286 1643 Glicerium
1310 1603 1441 1651 huju·
1463 1597 1665 1648 Glicerii,

264 1660 376 1699 haec
398 1654 709 1715 sophronium
738 1658 872 1709 hujus
902 1656 1158 1713 Sophronii.
1200 1659 1398 1699 Panthus
1420 1671 1500 1711 per
1525 1655 1666 1697 sinae-

264 1712 402 1756 resim
443 1727 522 1764 pro
557 1714 808 1762 Panthous‚
858 1715 1094 1780 quomodo
1124 1713 1301 1780 Alcinus
1337 1719 1419 1769 pro
1453 1712 1666 1756 Alcinous

265 1772 501 1827 prolatum
522 1779 601 1812 est
644 1772 790 1812 Unde
824 1769 1044 1813 Horatius
1081 1769 1134 1814 in
1158 1770 1305 1826 primo
1338 1770 1664 1825 Epistolarum:

263 1831 367 1870 Nos
379 1839 576 1868 numer-ue
598 1843 758 1875 sumas,
788 1836 828 1867 et
838 1828 999 1882 fruges
1020 1843 1260 1868 consumere
1280 1831 1393 1874 nati,
1412 1829 1560 1880 sponsi
1579 1826 1666 1867 Ρα-

266 1887 454 1938 nelopae,
473 1884 702 1925 nebulones.
714 1885 982 1938 Alcinoique.
1014 1883 1258 1939 Virgilius
1245 1898 1292 1925 ιιι
1310 1886 1365 1926 11.
1389 1881 1663 1939 Georgicon:

265 1944 488 1995 Pomaque
516 1950 556 1980 et
574 1942 752 1982 Alcinoi
783 1942 929 1981 silvae.
990 1941 1114 1983 Idem
1143 1938 1382 1983 Horatius.
1396 1941 1668 1992 Alcinoique

259 2001 420 2053 plures.

200 2075 241 2110 ¹3
380 2053 616 2096 Genitivus
647 2054 868 2096 secundae
889 2052 1238 2096 declinationis'
1224 2069 1273 2095 ιιι
1298 2051 1426 2095 omni
1446 2051 1631 2094 nomine
1650 2050 1667 2093 i

278 2227 284 2234 ’θ
312 2241 348 2286 §.
374 2254 426 2276 12.
461 2243 502 2275 in
527 2242 636 2276 er'-
659 2254 730 2276 um.
780 2238 904 2276 Omisi
932 2239 1024 2274 Cod.
1053 2239 1157 2287 Lips.
1191 2246 1225 2273 2.
1254 2237 1482 2272 auctoritate
1509 2233 1556 2272 in=
1577 2241 1666 2270 ante

358 2287 526 2333 singulas
546 2287 850 2323 terminationes.

310 2357 507 2390 Lucanus
509 2357 550 2390 in
567 2358 638 2392 IV.
671 2368 724 2391 vs.
746 2367 803 2400 23.
852 2356 947 2391 Mox
969 2355 1037 2388 hoo
1059 2353 1220 2399 pelagus
1249 2353 1360 2395 hujus
1389 2344 1522 2403 pelagi
1543 2356 1666 2384 trans·

357 2401 470 2448 posui
487 2402 672 2438 Codicum
697 2412 872 2437 meorum
892 2402 1006 2443 jussu.
1056 2403 1344 2443 Neutrorumque
1370 2395 1505 2441 scripsi
1531 2407 1668 2430 secun-

360 2447 453 2482 dum
468 2448 579 2483 MSS.
593 2448 707 2483 Luth.
728 2448 862 2482 Zwicc.
887 2459 915 2482 ι.
941 2458 972 2480 2.
996 2446 1096 2491 Lips.
1123 2456 1153 2478 1.
1174 2457 1205 2478 2.
1227 2456 1260 2488 3.
1284 2442 1361 2477 Erl.
1386 2455 1418 2477 2.
1439 2442 1576 2476 Dresd.
1595 2453 1665 2487 pro

359 2500 399 2529 et
419 2499 628 2528 neutrorum
655 2505 805 2540 quoque.
851 2494 949 2526 Ante
967 2495 1144 2526 Homerus
1169 2496 1209 2524 et
1227 2490 1378 2523 Homeri
1397 2488 1558 2534 expunxi
1576 2497 1666 2533 pro·

279 2580 281 2583 Α
359 2549 500 2587 nomen
528 2539 742 2574 articulare.
793 2540 893 2573 Item
920 2545 1007 2572 ante
1026 2536 1191 2582 Orpheus
1222 2534 1366 2580 Orphei.

319 2582 422 2633 Virg
441 2587 482 2620 in
499 2586 556 2621 ΙΙ.
577 2589 704 2633 Georg.
733 2597 786 2619 vs.
810 2590 867 2624 82·
922 2584 1015 2619 Item
1034 2583 1226 2617 Horatius.
1276 2580 1411 2625 Vulgo,
1436 2580 1550 2614 Idem.

317 2655 350 2701 §.
376 2665 430 2698 13.
469 2654 674 2689 Gonitivus
731 2654 854 2699 Vulgo
897 2652 1048 2687 additur
1088 2649 1312 2701 singulari-r,
1361 2650 1484 2694 quod,
1528 2660 1614 2685 cum
1643 2661 1665 2684 a

363 2700 473 2735 MSS.
487 2699 611 2742 nubsit,
637 2700 781 2739 sustuli
833 2700 939 2734 Infra
957 2704 1044 2744 post
1073 2696 1282 2732 desinentia
1301 2707 1416 2741 pares
1434 2675 1573 2732 luibam
1592 2697 1664 2731 Co—

365 2745 519 2781 dicum'
507 2757 611 2789 jussu
629 2746 738 2781 omisi
762 2745 941 2790 s-„vllabas
