1748 3112
229 247 311 293 262
641 248 764 293 LIB.
791 250 871 296 vl.
930 248 1068 295 GAP.
1099 251 1211 293 XII.

233 363 313 408 hic
340 361 540 421 impubis
581 364 714 418 hujus
750 363 965 423 impubis.
1037 363 1251 423 Virgilius
1276 364 1327 408 in
1354 366 1418 409 Vs
1443 366 1636 423 Ἰἳιιριιόἰι

235 425 340 465 Iuli.
400 423 465 463 Ab
490 435 541 462 eo
562 432 773 466 neutrum
799 422 986 483 impube
1005 422 1222 466 Horatius
1243 421 1499 480 protulit-in
1520 428 1635 481 Epo·

238 482 324 523 do:
380 481 435 519 Ut
463 479 566 518 haec
596 483 787 520 trementi
818 491 987 535 questus
1026 496 1093 520 ore
1128 484 1321 522 constitit
1345 492 1448 535 puer
1475 482 1640 536 impube

238 552 406 591 corpus.
467 534 624 578 Cicero
646 546 798 579 tamen
819 537 868 579 in
888 539 979 582 1111.
1007 537 1368 581 Invectivarum:
1399 539 1641 594 Fili-mque

240 598 331 648 ejus
355 593 603 646 impuberem
636 596 824 650 legatum
852 610 881 635 α
902 605 1030 650 patre
1051 598 1239 635 missum.
1299 596 1424 638 Idem
1443 594 1492 636 in
1513 598 1562 646 1-1ί
1583 596 1641 637 de

244 653 454 694 Oratore:
489 650 612 703 Quod
627 655 716 692 nisi
729 653 922 706 puberem
938 656 1101 704 tejam,
1134 655 1292 706 inquit,
1323 653 1517 694 haber-ou·
1542 650 1641 694 Alia
1710 692 1712 694 ,

242 721 352 748 vero
377 706 530 748 omnia
561 709 761 760 ejusdem
789 708 1134 757 terminationis,
1168 719 1413 766 correptae.
1443 706 1645 751 similem

242 766 412 806 habent
436 762 692 820 genitivum
715 765 1019 808 nominativo.
1079 764 1170 808 Hic
1191 765 1316 807 conis
1341 769 1476 817 hujus
1499 765 1642 813 collis,

243 823 356 862 haec
376 819 542 877 puppis
565 824 698 874 hujus
718 822 899 880 puppis,
932 821 1009 865 hic
1028 833 1074 864 et
1091 823 1199 864 haec
1220 820 1369 864 suavis
1390 823 1523 874 hujus
1546 836 1645 864 sua·
1665 860 1675 871 ‚

178 879 224 913 66
247 877 332 926 vis,
365 876 442 919 hic
465 887 510 918 et
529 880 638 919 haec
668 878 781 922 civis
813 883 946 931 hujus
978 878 1107 921 civis.
1167 878 1471 935 Excipiuntur
1490 878 1567 921 hic
1586 880 1644 920 la·

245 934 314 991 pis
343 936 476 988 hujus
504 934 688 992 lapidis,
718 935 1017 978 vetustissimi
1048 947 1197 978 tamen
1225 936 1359 977 etiam
1380 937 1510 987 hujus
1530 934 1644 992 lapis

245 992 544 1048 protulerunt.
583 992 760 1034 Ennius
783 992 833 1034 in
853 997 938 1035 XV.
958 993 1224 1035 Annalium:
1261 994 1520 1032 Occumbunt
1537 994 1646 1032 mul—

250 1051 287 1088 ti
308 1050 436 1088 letum
457 1050 660 1104 ferroque
686 1053 870 1105 lupique.
931 1049 1021 1092 Hic
1044 1048 1224 1106 sanguis
1245 1052 1380 1101 hujus
1399 1047 1647 1105 sanguinis,

250 1106 375 1162 quod
395 1116 567 1147 veteres
588 1109 677 1148 hoc
702 1121 901 1164 sanguen
924 1107 1145 1149 dixerunt.
1205 1105 1362 1149 Cicero
1385 1104 1432 1146 in
1456 1107 1650 1146 Horten·

251 1161 346 1203 sio:
369 1173 371 1181 ‘
394 1164 449 1201 Ut
477 1167 543 1202 ait
559 1165 750 1203 Ennius:
782 1166 998 1220 Refugiat
1025 1164 1175 1204 timido
1205 1177 1397 1217 sanguen
1428 1162 1655 1216 atquem·—>

251 1219 444 1258 albescat
463 1229 584 1262 metu.
642 1221 765 1262 Idem
789 1219 839 1261 in
861 1223 911 1263 II.
934 1219 1199 1263 Annalium:
1235 1222 1272 1259 O
1288 1222 1470 1274 genitor,
1501 1234 1524 1258 ο
1545 1234 1651 1259 san-

249 1291 366 1330 guen
387 1276 473 1316 diis
493 1278 730 1317 oriundum.
772 1280 894 1320 Haec
916 1276 1050 1334 pollis
1074 1275 1272 1333 pollinis.
1305 1275 1381 1317 Sic
1399 1273 1649 1320 Charisius.

252 1333 426 1375 Probus
446 1344 595 1374 autern
622 1344 665 1375 et
683 1335 867 1383 Caesar,
903 1335 988 1375 hoc
1009 1334 1160 1390 pollen
1182 1330 1369 1388 pollinis
1400 1330 1652 1374 declinave-

251 1399 375 1430 runt.
436 1391 559 1431 Haec
582 1389 730 1446 cuspis
755 1388 971 1446 cuspidis,
1003 1390 1137 1432 semis
1169 1387 1379 1430 semissis.
1438 1389 1652 1444 Apuleius

253 1443 305 1486 in
324 1443 558 1501 Epitoma:
593 1448 678 1486 Sed
696 1457 787 1487 tum
805 1450 1023 1487 sestertius
1043 1448 1293 1500 dipondium
1314 1449 1540 1495 semissem,
1557 1449 1652 1500 qui-

251 1505 406 1542 narius
429 1507 712 1557 quinques-sis,
744 1505 943 1544 denarius
965 1506 1149 1543 decussis
1175 1504 1359 1547 valebat.
1419 1503 1540 1543 Haec
1562 1516 1652 1544 cas·

168 1595 171 1597 .
255 1556 316 1599 sis
336 1559 544 1612 cassidis,
576 1561 700 1616 quod
728 1559 865 1603 etiam
894 1563 1005 1603 haec
1037 1559 1208 1602 cassida
1232 1558 1429 1601 cassidae
1451 1556 1655 1600 declina-

185 1614 232 1661 67
255 1624 343 1657 tur.
404 1614 616 1674 Virgilius
650 1614 700 1657 in
728 1620 798 1660 XI.
830 1623 972 1662 Aurea
1002 1621 1097 1658 vati
1125 1618 1316 1657 cassida.
1375 1619 1410 1657 A
1437 1613 1655 1670 sanguine

254 1672 558 1728 compositum
588 1687 682 1715 non
702 1685 848 1716 servat
875 1672 1225 1716 declinationem
1247 1670 1481 1730 simplicis,
1512 1669 1589 1712 hic
1609 1680 1654 1712 et

252 1730 364 1771 haec
382 1729 593 1787 exanguis
616 1731 749 1784 hujus
778 1724 1007 1787 exanguis.
1064 1733 1098 1772 A
1124 1729 1311 1786 cuspide
1329 1739 1486 1775 servat,
1517 1726 1654 1771 tricu-

255 1783 347 1840 spis
371 1785 647 1843 tricuspidis.
708 1786 900 1829 Ovidius
920 1787 967 1827 in
989 1785 1137 1843 primo
1158 1787 1532 1841 Metamorphos.:
1561 1791 1652 1829 Po-

255 1845 419 1896 sitoque
449 1844 683 1898 tricuspide
709 1846 816 1895 telo,
857 1846 1008 1885 mulcet
1034 1858 1189 1899 aquas.
1246 1839 1487 1884 Invenitur
1515 1839 1651 1883 etiam

309 1976 413 2022 Virg.
433 1977 473 2010 in
495 1978 538 2013 V.
559 1989 613 2012 vs.
633 1978 713 2023 546.
748 1977 929 2012 Horatius
951 1977 993 2011 in
1012 1980 1083 2023 Ep.
1100 1977 1145 2020 V,
1170 1987 1223 2021 13.
1271 1974 1440 2010 Pessime
1455 1973 1656 2009 Putschius

353 2033 442 2056 cum
469 2023 564 2059 Edd.
584 2024 665 2059 Ald.
690 2025 823 2059 Colon.
848 2025 932 2059 Bas.
955 2023 1263 2066 conjunctionem
1283 2028 1337 2063 ut,
1370 2033 1391 2056 a
1419 2032 1495 2068 qua
1521 2020 1657 2066 incipit

352 2079 485 2103 versus
503 2071 666 2114 Horatii,
691 2071 746 2105 ita
772 2070 932 2114 sejunxit
950 2070 996 2104 ab
1014 2069 1074 2112 iis,
1100 2068 1148 2104 ad
1165 2080 1262 2115 quae
1290 2067 1471 2113 pertinet,
1492 2073 1536 2102 ut
1553 2077 1657 2102 com—

350 2115 512 2160 parandi
526 2116 605 2151 vim
630 2117 786 2160 habere,
810 2117 872 2151 vel
892 2116 1108 2162 exemplum
1131 2115 1173 2149 in
1188 2114 1357 2149 medium
1383 2114 1541 2148 allatum
1559 2113 1660 2147 indi-

354 2172 445 2195 care
467 2169 637 2208 putetur.
685 2165 768 2198 Nec
795 2162 954 2197 Codices
982 2162 1049 2206 ita,
1083 2162 1161 2208 qui,
1186 2173 1283 2207 quae
1308 2160 1384 2194 fuit
1413 2159 1659 2194 librariorum

355 2207 559 2244 inscientia
576 2216 616 2244 et
635 2209 846 2252 temeritas,
869 2209 991 2243 multa
1006 2215 1134 2242 tamen
1151 2218 1342 2253 perverse.
1391 2205 1486 2240 Edd.
1507 2206 1601 2240 Ven.
1626 2217 1657 2239 1.

354 2261 390 2288 2.
411 2254 479 2288 Ιιοο
492 2266 563 2300 pro
580 2256 684 2299 haec,
708 2261 856 2289 constat
875 2266 945 2300 pro
970 2255 1152 2288 constitit.
1201 2254 1306 2288 Male
1324 2251 1441 2287 etiam
1460 2250 1659 2286 Putschius

287 2322 293 2329 ν
355 2306 533 2353 quaestus
560 2313 631 2348 pro
660 2307 819 2348 questus.
867 2300 1062 2343 Bentlejus
1088 2299 1216 2345 posuit
1235 2305 1420 2333 tremente.
1469 2296 1659 2344 Equidem

354 2356 398 2378 m
415 2347 644 2382 membranis
661 2347 756 2382 meis
775 2347 950 2381 omnibus
965 2356 1037 2391 per
1054 2347 1069 2379 i
1090 2346 1273 2391 scriptum
1295 2344 1437 2378 inveni.

311 2391 436 2428 Cicero
454 2393 495 2426 in
510 2394 581 2429 IV.
598 2394 782 2428 Invectiv.
828 2394 897 2427 Est
915 2393 1004 2438 Cap.
1025 2392 1057 2426 6.

313 2436 416 2473 Idem
434 2438 474 2471 in
494 2441 552 2473 II.
574 2441 617 2473 de
639 2443 803 2475 Oratore.
829 2440 918 2484 Cap.
935 2448 992 2484 55.
1036 2436 1198 2471 haberet.
1222 2436 1345 2482 Vulgo
1365 2435 1547 2479 haberem,
1560 2433 1662 2482 quod

357 2488 398 2518 et
427 2484 627 2519 Putschius
657 2485 825 2531 reliquit.
876 2484 915 2519 Si
943 2484 1103 2519 Codices
1131 2483 1190 2517 vel
1215 2483 1411 2519 Editiones
1444 2487 1591 2516 veteres
1618 2480 1662 2514 in

356 2529 561 2566 consilium
577 2531 824 2575 adhibuisset,
848 2531 962 2566 facile
977 2541 1208 2575 cognoscere
1224 2534 1389 2576 poteret,
1415 2528 1567 2562 haberet
1580 2526 1661 2572 legi

357 2574 510 2612 debere.
561 2579 621 2613 Ita
649 2579 759 2612 MSS.
790 2589 813 2612 e
841 2577 980 2612 nostris
1009 2575 1143 2612 Zwicc.
1168 2587 1199 2611 1.
1228 2576 1308 2611 Erl.
1332 2587 1361 2610 1.
1384 2587 1417 2610 2.
1449 2574 1548 2620 Lips.
1573 2576 1604 2608 i.
1627 2584 1660 2608 2.

356 2622 418 2656 Ita
434 2621 481 2657 et*
497 2623 588 2658 libri
607 2624 803 2659 Ciceronis
826 2624 931 2659 editi.

312 2669 435 2705 cicero
454 2669 495 2704 in
514 2671 728 2713 Hortensia.
760 2673 834 2705 Pro
853 2672 1002 2705 timidos
1022 2667 1156 2716 scripsi
1176 2669 1316 2703 timido.
1363 2668 1471 2702 Hanc
1490 2665 1592 2701 enim
1606 2663 1662 2698 le-

343 2740 347 2749 -.
357 2714 526 2750 ctionem
557 2716 738 2751 exhibent
764 2718 871 2752 MSS.
903 2717 1038 2751 Zwicc.
1062 2728 1091 2751 1.
1114 2729 1145 2750 2.
1166 2715 1278 2749 Luth.
1311 2713 1484 2749 Heidelb.
1507 2711 1608 2757 Lips.
1634 2722 1663 2745 1.

358 2773 394 2797 α.
414 2761 495 2798 Erl.
518 2774 550 2797 ι.
571 2771 606 2798 2.
625 2764 764 2799 Dresd.
812 2765 923 2798 Hanc
941 2762 1057 2798 etiam
1073 2761 1283 2798 lectionem
1300 2759 1446 2805 recepit
1462 2759 1553 2792 Ern.
