1748 3112
280 260 363 317 591
681 263 802 309 [AB.
836 263 968 304 V111.
1027 263 1166 306 CAP.
1197 265 1278 306 lx.

279 388 474 431 quorum
500 371 634 416 etiam
664 372 971 417 nominativus
994 372 1155 417 indus
1176 377 1423 432 profertur:
1443 376 1676 428 interesse,

279 433 416 488 quod,
445 432 622 487 quando
654 442 760 475 sunt
787 433 954 488 absque
973 431 1256 477 dubitatione
1287 432 1494 484 nomina,
1529 431 1668 477 simili

276 488 398 530 casui
420 490 724 543 adjunguntur
742 498 787 530 et
811 487 1070 530 discernunt
1090 504 1250 545 genera
1265 521 1276 539 ‚
1309 500 1360 531 ut
1389 489 1680 547 intelligendi.

278 544 464 589 Homeri
493 543 742 600 gratia‚.'‘et
772 546 983 587 amandae
1010 544 1192 588 virtutis
1221 552 1374 596 causa,
1417 545 1676 591 etnemendis
1729 587 1732 590 ,

206 609 255 654 46
280 601 495 657 mancipii
521 601 673 647 studio
695 601 815 644 veni.
876 604 1068 659 Quando
1091 617 1198 645 vero
1219 602 1431 660 gerundia
1454 615 1580 658 sunt,
1620 603 1674 645 id

273 670 339 701 est
361 659 459 700 loco
483 656 654 703 infiniti
670 660 1003 702 ecum-articulo-
1029 659 1172 711 juncti
1205 662 1323 717 apud
1347 663 1538 704 Graecos
1555 659 1676 703 acci··

271 714 484 771 piuutur,
536 730 620 757 nec
658 730 815 772 genera
856 714 1116 758 discernunt
1159 731 1243 759 nec
1271 732 1505 767 numeros,
1539 716 1670 774 *quod

270 787 404 813 suum
433 783 499 818 est
538 770 820 816 infinitorum
865 775 1128 822 verborum,
1176 786 1222 816 et
1251 773 1379 816 illum
1419 780 1670 831 sequuntur

269 842 446 877 casum,
478 843 611 884 quem
633 841 676 872 et
707 832 852 878 verba,
882 845 934 871 ex
965 831 1128 885 quibus
1158 843 1424 880 nascuntur,
1466 841 1520 873 ut
1537 830 1578 873 si>
1602 829 1673 871 di-

269 899 391 933 cam,
433 883 713 942 intelligendi
753 889 1000 932 Homerum
1035 901 1164 928 causa
1203 888 1366 934 venio,
1415 899 1461 930 et>
1484 885 1666 930 amandi

268 940 487 984 virtutem
504 956 631 985 causa
653 944 829 991 laboro,
871 953 914 984 et
943 943 1117 985 emendi
1138 944 1418 1001 mancipium
1442 959 1571 986 causa
1594 957 1667 985 ve-

266 997 347 1040 nio
362 1029 373 1046 ,
407 997 610 1054 quamvis
635 1014 754 1041 rarus
777 999 836 1041 sit
858 1001 1166 1052 hujuscemodi
1186 1000 1530 1043 constructionis
1545 1014 1664 1042 usus.

266 1054 487 1098 Similiter
508 1055 1007 1112 dicimusintelligendo
1032 1060 1280 1099 Homerum
1302 1057 1484 1114 profeci,
1516 1071 1665 1099 aman-

268 1112 326 1153 do
348 1111 561 1170 virtutem
583 1113 694 1169 legi,
734 1125 778 1157 et
800 1113 1100 1158 invidendum
1121 1114 1251 1157 nobis
1279 1129 1370 1156 non
1393 1125 1483 1161 est,
1516 1124 1561 1156 et
1580 1111 1663 1155 mi·

264 1167 391 1209 nime
430 1171 686 1222 nocendum
721 1169 907 1218 virtuti,
950 1170 1053 1224 quia
1084 1171 1370 1227 superiorum
1396 1171 1664 1219 accusativo,

265 1224 532 1268 inferiorum
565 1241 670 1269 vero
711 1229 843 1271 verba
877 1228 1026 1268 dativo
1062 1230 1397 1285 adjunguntur.'
1435 1229 1667 1271 Praeterea

265 1281 480 1338 gerundia
508 1292 596 1324 tam
629 1286 683 1325 ab
705 1283 864 1326 activis
886 1298 1018 1339 quam
1041 1299 1063 1326 a
1086 1282 1662 1330 communibusrfmaeemia

263 1350 353 1381 tam
400 1339 592 1381 activam
636 1356 771 1397 quam
807 1341 1025 1396 passivam
1055 1344 1220 1383 habent
1250 1340 1658 1398 significationem3

263 1395 448 1436 nomina
482 1411 586 1442 vero
605 1395 790 1442 mobilia
828 1397 1106 1453 supradictae
1134 1399 1323 1448 formae,
1352 1398 1397 1439 id
1419 1408 1484 1439 eet
1510 1395 1560 1438 in
1574 1398 1663 1438 ‘dus

263 1463 308 1493 et
329 1453 382 1492 da
402 1462 447 1493 et
467 1455 574 1494 dum
599 1451 870 1501 desinentia,
902 1468 1030 1495 unam
1061 1466 1104 1496 et
1123 1454 1264 1511 magis
1284 1453 1522 1511 passivam.
1581 1456 1662 1495 So-

261 1509 404 1550 lemus
427 1509 551 1551 enim
573 1525 652 1566 per
674 1511 860 1551 verbum
882 1509 1111 1566 passivum
1134 1526 1183 1552 ea
1213 1510 1505 1567 interpretari.
1537 1509 1662 1566 Quid

262 1574 329 1607 ent
370 1565 489 1620 enim
535 1567 725 1611 amanda
766 1565 942 1607 virtus?
1009 1567 1180 1624 Digna,
1233 1583 1345 1624 quae
1379 1575 1564 1608 ametur.
1617 1576 1662 1608 et

261 1620 593 1664 munitissimus
619 1622 813 1664 habendi
846 1636 1028 1666 senatus
1047 1626 1207 1665 locus?
1255 1628 1306 1665 ln
1337 1639 1425 1680 quo
1447 1625 1662 1667 habeatur

259 1689 451 1720 senatus.
520 1680 648 1721 Unde
678 1693 774 1720 raro
795 1678 1089 1721 inveniuntur
1107 1695 1130 1721 a
1149 1681 1323 1722 neutris·
1335 1681 1582 1723 absolutam
1602 1679 1660 1721 'si-

259 1734 596 1791 gnificationem
615 1734 897 1783 habentibus,
930 1747 981 1781 ut
1003 1749 1086 1786 sto,
1117 1739 1273 1786 sedeo,
1305 1751 1452 1793 surgo.
1514 1739 1659 1779 Nemo

260 1789 384 1833 enim
419 1792 531 1834 dicit
581 1791 790 1844 standus,
836 1794 1080 1841 sedendus,
1133 1797 1403 1851 surgentius:
1465 1808 1660 1850 quorum

182 1864 236 1901 ,47
261 1848 420 1903 supina
450 1847 830 1906 significationem
861 1849 931 1890 sui
953 1861 1134 1891 servant
1157 1850 1281 1893 verbi
1301 1850 1563 1907 simplicem.
1622 1852 1659 1892 Δ

259 1903 444 1946 caeteris
457 1920 564 1947 vero
586 1904 760 1947 neutris
782 1917 824 1946 et
846 1906 1212 1962 adeponentibus
1233 1905 1453 1962 gerundia·
1469 1906 1655 1963 quidem

258 1962 446 2003 eandem
467 1961 841 2017 significationem
864 1965 1051 2012 habent,
1091 1977 1223 2019 quam
1245 1974 1289 2005 et
1310 1965 1463 2012 verba,
1523 1975 1575 2005 ut
1595 1964 1654 2005 fa·

303 2124 339 2169 5,
358 2125 414 2170 46.
442 2131 479 2159 et
499 2126 547 2159 da
564 2133 601 2160 et
623 2128 716 2161 dum.
765 2126 939 2172 Expunxi
957 2127 1015 2161 bis
1036 2128 1088 2161 in.

293 2183 421 2216 ‘virtus
433 2181 453 2215 P
472 2184 612 2229 Digna,
632 2196 725 2230 quae
747 2192 901 2218 ametur.
923 2191 959 2218 e!
979 2184 1302 2218 munitissimus—-
1314 2188 1362 2219 In
1382 2196 1451 2232 quo
1470 2182 1654 2219 habeatur

346 2236 511 2263 senatus.
562 2231 652 2264 Post
679 2232 799 2264 virtus
822 2238 968 2276 ponunt
992 2230 1082 2266 libri
1106 2230 1281 2274 impressi
1306 2233 1403 2272 nisi,
1435 2231 1541 2267 idem
1566 2238 1654 2277 post

349 2273 462 2308 locus.
514 2275 674 2313 Codices
703 2276 780 2310 mei
800 2288 930 2311 omnes
951 2277 1024 2310 hoc
1044 2277 1233 2321 ignorant.
1283 2278 1328 2311 In
1349 2278 1432 2311 MS.
1452 2277 1531 2311 Erl.
1554 2289 1584 2310 1.
1606 2278 1652 2312 ab

285 2355 288 2358 ,
347 2319 483 2354 eadem
501 2332 627 2363 manu,
654 2333 749 2367 quae
769 2328 876 2356 notas
902 2322 1170 2356 interlineares
1192 2328 1231 2355 et
1257 2323 1485 2368 marginales
1500 2322 1590 2357 huic
1608 2323 1654 2356 li—

346 2365 450 2400 hello
471 2366 668 2411 adspersit,
693 2379 808 2412 super
825 2368 1010 2413 scripturn
1029 2374 1095 2402 est.
1146 2368 1248 2413 Ergo
1267 2380 1345 2402 non
1366 2374 1448 2403 erat
1466 2368 1653 2414 recipien-

349 2410 451 2446 dum.
501 2412 576 2446 Alii
601 2425 776 2448 meorum
796 2413 914 2448 Codd.
935 2420 1083 2460 ponunt
1111 2425 1180 2459 pro
1211 2414 1304 2457 nisi,
1327 2415 1369 2448 id
1388 2421 1461 2456 est,
1486 2414 1552 2448 alii
1580 2415 1654 2449 hoc

346 2457 560 2503 posteriore
585 2465 734 2494 tantum
769 2460 854 2494 loco
878 2465 962 2504 post
981 2459 1092 2503 locu-22
1138 2459 1232 2493 Edd.
1255 2461 1347 2494 Ven.
1370 2461 1476 2506 prius
1495 2466 1653 2495 tuentur

347 2504 434 2546 nisi,
459 2504 498 2538 in
518 2504 638 2539 altero
667 2512 815 2551 ponunt
833 2506 907 2540 nisi
928 2507 968 2539 id
985 2512 1052 2539 est.
1099 2505 1286 2551 Equidem
1315 2513 1465 2541 secutus
1485 2517 1570 2544 sum
1587 2518 1649 2542 au-

350 2550 566 2585 ctoritatem
582 2552 665 2594 MS.
689 2551 789 2597 Lips.
811 2563 843 2587 2.
865 2551 929 2598 qui
949 2552 1152 2598 utrobique
1172 2554 1213 2586 id
1231 2559 1288 2586 est
1304 2552 1466 2597 ignorat.

255 2648 261 2655 .
304 2619 339 2664 S.
357 2630 415 2665 47.
436 2618 565 2654 altera
589 2622 630 2654 in
658 2634 681 2655 u
703 2621 855 2666 finitur.
901 2621 1053 2656 Addunt
1071 2620 1165 2655 Edd.
1188 2623 1282 2655 Ven.
1304 2620 1387 2655 Ald.
1408 2623 1494 2656 Bas.
1518 2621 1649 2656 Colon.

351 2665 502 2700 Putsch.
529 2672 569 2715 ιιζ
586 2675 760 2701 venatum
779 2675 936 2709 venatu,
961 2668 1062 2714 quod
1079 2667 1240 2702 Codices
1256 2668 1444 2712 ignorant.
1536 2676 1538 2678 ’

255 2749 261 2756 .
300 2724 396 2772 quid
421 2729 477 2759 est
503 2725 600 2760 enim
629 2721 815 2759 venatum.
862 2725 998 2770 Vulgo,
1025 2724 1114 2777 quid
1139 2726 1236 2760 enim
1261 2731 1318 2759 est
1344 2730 1519 2759 venatum
1533 2722 1648 2776 {uliud-

351 2769 541 2817 Equidem
568 2776 718 2809 secutus
746 2782 827 2806 sum
855 2772 937 2807 MS.
961 2772 1091 2806 Zwmc.
1118 2783 1147 2807 2.
1172 2778 1209 2806 et
1238 2771 1333 2806 Edd.
1355 2772 1448 2805 Ven.
1472 2775 1651 2803 omitten-
