1748 3112
333 256 388 307 58
700 261 826 303 LIB.
856 262 887 302 1.
947 258 1089 303 CAP.
1120 260 1197 301 VI.
1229 261 1338 303 vn.

336 385 388 417 ut
418 373 537 431 quis,
582 373 801 431 quoniam.
870 374 968 415 Hoc
1007 370 1130 414 idem
1160 370 1435 429 plerumque·
1457 371 1711 431 patitur-ets

332 431 425 476 ian
456 431 573 473 inter
603 447 630 488 g
660 442 704 472 et
729 429 922 486 aliquam
953 430 1177 482 vocalem,
1216 439 1268 471 ut
1294 428 1493 487 sanguis,
1541 429 1707 487 lingua.

334 490 364 531 S
382 501 558 545 quoque
579 488 862 529 antecedente
882 497 926 528 et
943 496 1154 543 sequente
1171 500 1194 527 a
1217 487 1286 528 vel
1308 501 1346 539 e,
1363 488 1452 530 hoc
1467 485 1706 529 idem-uae-

330 558 388 600 pe
410 543 474 593 fit,
505 555 556 585 ut
574 545 732 586 suadeo
757 542 917 590 suavis,
949 556 1104 584 suesco
1127 553 1292 596 suetus,
1323 543 1449 599 quod
1462 545 1581 610 apud
1600 546 1707 586 Aeo·

331 602 394 643 les
421 615 596 657 quoque
626 619 670 644 νι
698 614 827 657 saepe
861 599 1051 655 patitur,
1091 609 1136 641 et
1162 597 1327 641 amittit
1355 598 1449 642 vim
1475 601 1628 642 literae
1658 599 1707 640 in

331 669 497 708 metro,
527 669 577 698 ut
597 659 794 713 Sappho,
827 654 925 699 ἀλλὰ
940 654 1060 701 τ-υΐδέ
1080 658 1215 700 ἔλθετε
1238 654 1412 700 ποτίσατ’
1434 659 1571 713 ἔρωτα,
1629 655 1707 699 si-

330 712 498 755 militer
517 713 642 769 πήλυι
659 713 946 767 dissyllabum
979 711 1208 754 invenitur
1235 714 1352 769 apud
1376 715 1569 762 eosdem,
1601 727 1708 755 cum

329 786 374 812 υι
398 783 489 811 non
518 781 583 812 est
612 769 926 828 diphthongus.
986 771 1065 811 Est
1090 770 1269 826 quando
1301 768 1456 812 transit
1472 770 1520 811 in
1542 780 1710 812 conso-a

328 836 511 869 nantem
536 827 656 868 idem
676 842 729 875 u,
761 835 811 867 ut
830 836 963 867 nauta
983 824 1154 879 navita,
1186 827 1355 881 gaudeo
1385 825 1560 882 gavisus
1570 847 1583 875 ·‚
1615 824 1710 868 sic-

328 891 381 923 ut
413 898 437 924 e
466 894 617 925 contra
648 898 671 924 a
694 893 963 925 consonante
994 882 1154 924 transit
1185 883 1232 924 in
1252 883 1468 930 vocalem,
1499 892 1550 924 ut
1578 896 1708 939 supra

328 937 536 988 diximus,
569 953 702 981 caveo
725 949 891 988 cautus,
923 940 1047 985 solvo
1068 939 1254 988 solutus,
1287 940 1412 982 faveo
1431 939 1588 988 fautor,
1615 940 1709 981 vol·

328 1008 385 1036 vo
406 997 602 1042 volutus,
651 999 788 1052 Saepe
808 995 1110 1052 interponitur
1129 995 1244 1037 inter
1263 997 1302 1037 cl
1321 997 1394 1037 vel
1415 1009 1484 1037 cm
1506 994 1556 1037 in
1577 997 1708 1038 Grae·

329 1051 391 1092 cis
413 1052 687 1101 nominibus,
720 1063 771 1094 ut
787 1051 998 1109 Ἡρακλῆς
1016 1053 1241 1100 Hercules,
1269 1051 1518 1108 Ἀσκληπιὸς
1536 1053 1709 1094 Aescu-

328 1107 485 1163 lapius,
518 1120 562 1151 et
592 1108 779 1165 antiqui,
806 1107 1018 1165 Ἀλκμήνη
1037 1109 1290 1157 Alcumena,
1316 1107 1419 1152 ’Λλκ
1449 1112 1553 1152 alm
1570 1109 1708 1150 Alea-⁷

239 1166 309 1204 VII
327 1177 500 1208 maeon.
561 1169 612 1208 In
637 1165 989 1207 consonantibus
1016 1179 1195 1223 quoque
1220 1165 1387 1207 multae
1439 1176 1527 1208 unt
1542 1163 1709 1208 simili·

257 1213 303 1248 38
326 1230 395 1262 ter
408 1222 793 1264 commutationes.
835 1225 870 1263 L
893 1221 1127 1278 triplicem,
1159 1233 1211 1263 ut
1228 1221 1380 1264 Plinio
1401 1220 1599 1270 videtur,
1628 1235 1710 1263 eo-

324 1291 434 1320 num
466 1280 623 1330 habet3
665 1277 850 1327 exilem,
891 1280 1070 1334 quando
1098 1277 1347 1334 geminatur
1374 1277 1575 1319 secundo
1603 1277 1706 1320 loco

322 1335 482 1390 posita,
512 1347 564 1377 ut
582 1335 672 1389 ille,
703 1335 932 1384 Metellus;
963 1335 1163 1390 plenum.
1194 1335 1372 1389 quando
1398 1332 1501 1375 finit
1520 1331 1706 1376 nomina

324 1393 398 1432 vel
414 1392 622 1444 syllabas,
648 1401 692 1432 et
711 1391 891 1447 quando
921 1390 1111 1446 aliquam
1136 1391 1268 1431 habet
1295 1400 1396 1432 ante
1417 1404 1464 1433 se
1481 1390 1532 1432 in
1550 1390 1707 1442 eadem

327 1447 490 1497 syllaba
520 1455 849 1497 consonantem,
877 1456 929 1487 ut
952 1447 1033 1495 sol,
1065 1445 1190 1494 silva,
1223 1448 1378 1495 flavus,
1411 1448 1576 1497 clarum
1605 1461 1706 1490 me·-

328 1498 457 1544 dium
478 1501 528 1545 in
550 1502 671 1556 aliis,
701 1514 753 1544 ut
771 1502 910 1545 lectus
930 1504 1110 1545 lectum.
1171 1501 1350 1544 Transit
1378 1501 1426 1544 in
1445 1518 1494 1553 x,
1526 1513 1575 1545 ut
1595 1516 1704 1560 pau·

325 1559 422 1600 lum
441 1559 702 1615 pauxillum,
733 1561 845 1600 mala
865 1559 1054 1606 maxilla,
1083 1561 1237 1601 velum
1258 1559 1488 1610 vexillum;
1518 1560 1623 1608 in'r,
1653 1570 1706 1601 ut

325 1616 474 1656 tabula
494 1617 683 1659 taberna.
741 1618 789 1657 M
811 1617 1050 1658 obscurum
1078 1615 1124 1656 in
1151 1615 1427 1658 extremitate
1450 1616 1703 1659 dictionum

324 1682 472 1720 sonat,
502 1683 554 1713 ut
577 1673 817 1728 templum3
848 1683 1049 1727 apertum
1073 1671 1122 1712 in
1143 1671 1389 1738 principio,
1408 1683 1472 1714 ‘ut
1490 1683 1703 1730 magnus}

325 1726 550 1770 mediocre
571 1727 620 1769 in
642 1727 819 1778 mediis,
850 1738 901 1778 ut
918 1731 1089 1771 umbra.
1149 1731 1328 1772 Transtt
1355 1729 1403 1771 in
1424 1745 1469 1782 n,
1499 1740 1543 1772 et
1564 1729 1704 1772 maxi-

336 1894 338 1896 ’
375 1891 425 1926 Ut
445 1878 543 1939 quia,
571 1892 751 1936 quoniam.
798 1890 933 1936 Vulgo,
956 1896 999 1924 ut
1015 1885 1095 1938 quis·
1112 1902 1235 1972 guam.
1282 1893 1359 1938 Ego
1384 1891 1571 1928 lectionem
1589 1893 1703 1931 Codd.

416 1935 523 1971 Luth.
541 1937 701 1991 Heidelb.
724 1938 761 1972 in
779 1945 913 1971 textum
938 1939 1066 1983 recepi.
1146 1938 1238 1971 ectio
1254 1939 1390 1983 vulgata
1416 1946 1491 1973 orta
1508 1946 1559 1974 est
1574 1952 1595 1973 e
1611 1941 1702 1976 sta-i-

415 2003 538 2040 pturae
558 1997 766 2040 compendio
784 2010 858 2043 qm,
884 2010 952 2043 quo
968 2011 1092 2033 vocem
1110 1998 1281 2043 quoniam
1299 1999 1415 2033 effen-i
1430 2011 1451 2033 a
1467 1998 1700 2036 librat-iisne-

410 2041 562 2081 minem,
587 2043 645 2086 qui
669 2041 815 2077 Codices
842 2043 949 2078 oculis
966 2046 1159 2088 usurparit,
1181 2042 1278 2077 latet.
1324 2044 1454 2078 Dresd.·
1472 2045 1557 2091 quis
1579 2057 1699 2093 quam.

413 2086 537 2122 Eri-2.
564 2087 645 2133 quis
674 2099 788 2134 quem.
829 2090 926 2133 Lips.
944 2092 977 2126 3.
998 2091 1078 2136 quis
1100 2101 1174 2137 qua
1203 2090 1384 2134 quoniam.
1429 2090 1531 2125 Falso
1561 2104 1649 2142 ergo*
1661 2093 1699 2129 in

412 2146 488 2182 MS.
509 2147 607 2193 Lips.
631 2159 660 2180 ι.
705 2160 738 2180 m
758 2148 946 2184 illustravit
969 2157 1146 2184 corrector
1168 2149 1237 2183 hoc
1253 2149 1442 2194 scripturae
1454 2152 1700 2197 compendium

412 2205 516 2235 supra
537 2192 671 2227 scriben
699 2206 721 2227 o
740 2205 794 2228 ue.

367 2239 469 2283 apud
483 2239 635 2271 eosdem.
682 2239 783 2273 MSS.
802 2239 900 2284 Lips.
917 2242 950 2275 3.
974 2241 1046 2275 Erl.
1071 2253 1099 2276 t.
1119 2241 1222 2287 apud
1234 2240 1378 2276 Aeoles.

367 2289 409 2317 ut
429 2289 558 2316 nauta.
606 2283 739 2328 Vulgo:
766 2291 806 2318 ut
821 2279 954 2331 ναῦτης
971 2291 1098 2321 nauta.
1146 2288 1324 2321 Omittunt
1345 2299 1467 2322 vocem
1487 2287 1654 2323 Graecam
1672 2290 1699 2325 ii

413 2340 552 2374 quoque
570 2328 680 2362 Codd.
701 2330 758 2373 qui
775 2330 907 2364 Graeca
931 2334 1063 2366 referre
1085 2332 1213 2374 solent,
1247 2332 1374 2367 Dresd.
1391 2333 1553 2368 Heidelb.
1570 2334 1697 2370 Zwieo.

411 2386 446 2452 11.
465 2373 569 2407 Luth.
589 2373 662 2408 Erl.
677 2387 705 2409 ι.
724 2387 758 2409 2.
783 2376 931 2411 Videtur
948 2389 991 2411 ex
1005 2378 1038 2420 §.
1049 2379 1103 2412 52.
1119 2378 1180 2412 ubi
1197 2386 1292 2412 recte
1317 2378 1476 2423 habetur,
1496 2379 1566 2414 huo
1579 2387 1697 2415 uam-

425 2426 517 2452 atum
538 2431 623 2454 esse.

365 2464 620 2509 interponitur.
646 2466 721 2500 MS.
737 2467 833 2511 Lips.
851 2469 882 2503 3.
905 2468 1000 2502 addit
1017 2470 1118 2514 apud
1139 2481 1218 2506 nos.
1263 2469 1418 2504 Literam
1434 2482 1459 2504 u
1475 2478 1556 2506 anto
1575 2472 1696 2508 iater-

405 2510 560 2556 ponilur
584 2510 694 2545 Codd.
714 2514 918 2547 auctoritato
935 2515 1099 2558 expunxi.
1124 2518 1127 2521 ’

317 2579 322 2582 ·
361 2565 395 2612 §-
416 2567 471 2602 58.
489 2566 652 2612 plenum.
687 2568 762 2603 MS.
779 2562 876 2614 Lips.
895 2582 925 2605 1.
941 2570 1091 2616 plenum
1108 2583 1233 2606 sonum
1252 2569 1371 2605 babet.
1397 2572 1495 2607 Idem
1515 2585 1598 2609 mox
1613 2582 1695 2619 post

319 2624 321 2626 ·
409 2613 562 2646 medium
590 2613 706 2656 adjicit
725 2626 863 2648 sonum.
909 2615 1104 2663 Utrumque
1124 2630 1167 2651 ex
1181 2616 1243 2650 illo
1258 2628 1367 2660 more,
1390 2630 1461 2664 quo
1478 2631 1543 2665 sup
1568 2619 1693 2653 leban-

331 2696 334 2700 .
405 2665 486 2701 tur,
521 2669 610 2703 quae
636 2659 929 2705 subintelligenda
957 2669 1037 2697 sant
1057 2664 1113 2697 vel
1140 2675 1183 2697 ex
1202 2663 1544 2698 antecedentibusvve
1573 2660 1692 2698 ἀω-

404 2703 602 2748 «luentibus.
649 2710 688 2738 et
711 2707 857 2750 quando
884 2707 1005 2742 habet.
1034 2708 1136 2744 MSS.
1155 2708 1261 2743 nuth.
1285 2707 1382 2756 Lips.
1407 2720 1440 2745 ι.
1458 2708 1584 2747 Ζπὶοο.
1609 2708 1638 2746 ι’.
1657 2721 1694 2745 3.»

405 2749 617 2798 αιϊιμιανιιίρ.
646 2749 810 2787 Heidelb.
828 2753 999 2798 vulgatam
1021 2754 1175 2788 retinuit.
