1748 3112
265 233 317 288 95
707 233 745 271 L
757 232 833 271 113.
862 232 939 302 ¹¹2
985 232 1125 275 CAP.
1156 235 1206 276 x:

263 346 406 393 Iulius
427 340 658 406 Iulianus&
675 341 886 399 Virgilius
913 342 1203 402 virgilianus,
1235 347 1477 392 Terentius
1500 353 1663 395 Ter’en·
1692 362 1700 367 ⁷

263 406 440 449 danus,
482 401 718 442 Sallustius
749 398 1070 451 Sallustianae,
1114 403 1324 459 quotidie
1357 406 1663 461 qtmti'dianm·
1700 417 1702 419 .

263 457 483 505 Similiter
504 471 527 496 a
546 453 737 497 meridie
758 455 1048 506 meridianus,
1079 459 1217 501 hodie
1243 472 1391 504 tamen
1415 465 1661 509 hodiernus

191 524 236 562 56
261 517 383 561 facit.
445 512 707 577 similiter-a
726 514 889 555 habent
912 529 974 563 ea,
1005 528 1117 570 quae
1148 517 1409 560 derivantur
1427 534 1450 561 a
1467 521 1661 564 nomini·

257 578 341 618 bus
365 573 411 615 in
437 586 542 620 cus,
573 570 647 610 vel
669 583 716 609 m
748 571 875 612 culus
899 570 1230 622 desinentibus,
1265 589 1377 629 quae
1408 588 1517 618 sunt
1543 579 1660 627 ultra

259 634 365 674 duas
388 630 586 682 syllabas,
619 636 671 667 ut
699 625 893 668 rusticus
925 627 1190 678 rusticanus,
1223 631 1434 686 publicus
1463 633 1658 688 publica·

255 703 355 735 nus,
388 684 614 728 Saticulus
644 681 937 734 Saticulanum,
970 687 1194 728 Tusculus
1218 687 1516 732 Tusculanus.
1573 694 1657 736 Ex·

257 743 429 801 cipitur
446 757 468 783 a
488 741 698 790 mascula,
729 742 850 796 quod
871 752 938 782 est
957 739 1284 785 diminutivum
1305 745 1451 791 maris.
1485 761 1657 790 mascu-

253 802 374 844 linus
399 799 580 839 factum.
643 799 756 839 Nam
788 796 1020 851 dissyllaba
1042 798 1090 840 in
1128 813 1205 841 cus
1232 800 1484 843 desinentia
1515 802 1613 846 sine
1632 818 1658 847 a

254 868 374 905 sunt,
407 866 459 896 ut
487 868 672 896 mancus
697 852 951 902 Mancinus,
983 856 1103 897 lacus
1123 857 1294 905 lacuna,
1327 873 1488 913 porcus
1513 859 1656 916 porci-

253 930 352 957 nus,
412 916 461 954 ln
483 926 561 953 um
593 924 770 966 quoque
802 921 958 952 neutra
991 925 1265 955 consonante
1294 917 1587 958 antecedente
1604 915 1656 959 in

255 968 517 1015 derivativis
550 983 574 1010 a
594 968 759 1008 habent
789 978 893 1009 ante
912 983 1020 1021 nus,
1051 980 1104 1010 ut
1137 969 1355 1026 oppidum
1382 971 1652 1027 oppidanus,

251 1031 457 1071 Paestum
475 1028 730 1072 Paestanus,
763 1025 995 1080 Spoletum
1015 1026 1297 1081 Spoletanus‚
1331 1029 1544 1071 Toletum
1565 1033 1653 1071 To-

251 1089 451 1132 letanus‚
483 1081 724 1126 Castellum
750 1082 1049 1134 castellanus,
1080 1083 1395 1126 Beneventum
1416 1087 1655 1127 Beneven-

180 1150 223 1197 57
251 1155 393 1185 tanus.
445 1137 666 1183 Similiter
689 1151 711 1178 a
731 1139 899 1178 habent
917 1139 1215 1193 penultimam
1238 1141 1452 1196 pleraque
1473 1141 1653 1184 venien·

247 1200 310 1241 tia
344 1213 366 1240 a
398 1194 663 1238 nominibus
696 1193 851 1236 tertiae
881 1194 1216 1243 declinationis,
1263 1199 1423 1239 Caesar
1450 1197 1651 1241 Caesaris

246 1254 549 1302 Caesarianus,
583 1253 685 1293 fons
706 1250 843 1292 fontis
865 1252 1090 1298 fontanus,
1124 1266 1255 1294 mons
1279 1253 1448 1295 montis
1469 1266 1649 1296 monta-

244 1329 344 1359 nus,
374 1313 479 1352 urbs
507 1308 632 1352 urbis
665 1310 877 1355 urbanus,
909 1309 976 1349 sol
999 1307 1103 1351 solis
1126 1310 1320 1358 solanus,
1354 1325 1406 1352 ex
1437 1324 1527 1366 quo
1548 1313 1650 1353 sub-

244 1371 452 1411 solanus:
485 1382 537 1407 ex
557 1378 609 1407 eo
630 1376 779 1406 tamen
799 1375 866 1406 est
888 1365 1022 1406 etiam
1044 1364 1227 1407 Solinus
1249 1365 1499 1421 proprium.
1560 1367 1647 1410 Mi-

168 1461 170 1463 .
242 1427 288 1467 lo
316 1423 500 1466 Milonis
521 1420 814 1466 Milonianus‚
848 1420 953 1462 Piso
973 1420 1152 1462 Pisonis
1176 1422 1456 1471 Pisonianus‚
1490 1439 1647 1480 quam-

193 1480 196 1482 ’
243 1482 315 1522 vis
341 1480 526 1538 quidam
549 1489 591 1519 et
614 1476 871 1524 Pisoninus,
904 1489 947 1519 et
969 1477 1221 1520 Miloninus
1245 1478 1334 1520 dici
1358 1491 1642 1534 putaverunt.

242 1540 328 1582 Sed
349 1554 371 1578 a
393 1534 584 1594 propriis
607 1534 800 1575 derivata
831 1534 1081 1589 plerunque
1101 1534 1115 1575 i
1139 1547 1240 1576 ante
1262 1551 1285 1576 a
1310 1538 1490 1586 habent,
1522 1537 1642 1582 lovis

241 1595 468 1640 Iovianus,
501 1589 700 1635 Caesaris
721 1590 1024 1632 Caesarianus.
1083 1594 1325 1634 Possumus
1353 1603 1502 1635 tamen
1524 1593 1640 1636 diee-

243 1668 312 1700 re,
347 1651 471 1709 quod
499 1664 522 1690 a
543 1646 798 1695 Caesarius,
833 1657 876 1688 et
901 1646 1143 1696 Milonius,
1177 1660 1220 1690 et
1248 1648 1484 1699 Pisonius‚
1515 1662 1561 1693 et
1577 1654 1643 1693 10-

240 1708 343 1750 vius
378 1706 574 1749 derivata
602 1704 694 1746 sint
725 1702 1034 1753 Caesarianus,
1082 1704 1388 1753 Milonianus,
1435 1706 1641 1750 Pisonia-

239 1780 338 1813 nus,
371 1764 595 1807 Iovianus.
658 1764 756 1802 Lux
784 1761 895 1801 lucis
915 1762 1118 1810 lucanus,
1150 1777 1202 1803 ex
1225 1776 1316 1818 quo
1336 1763 1641 1819 compositum

215 1823 289 1864 *fit
308 1822 619 1863 antelucanus:
652 1832 706 1858 ex
728 1818 886 1857 eodem
910 1827 1060 1858 tamen
1080 1818 1276 1859 nascitur
1298 1819 1429 1860 etiam
1449 1819 1641 1862 Lucina.·

237 1882 374 1920 Vetus
392 1874 558 1918 veteris
581 1884 835 1926 veteranus,
866 1871 994 1914 limes
1014 1872 1174 1915 limitis
1199 1873 1450 1923 limitanus,
1482 1878 1637 1918 Ancon

167 1949 213 1992 58
238 1934 431 1976 Aneonis
452 1930 774 1977 Aneonitmms,
807 1930 938 1971 Gadis
960 1928 1217 1973 Gaditanus.
1278 1932 1384 1972 Ideo
1406 1932 1637 1973 autemdi-

235 1991 385 2034 ximus
415 1992 647 2047 pleraque,
678 1987 779 2043 quia
803 2001 827 2027 a
857 1986 1027 2027 neutris
1059 1985 1107 2026 in
1130 2001 1154 2027 e
1182 1986 1490 2030 desinentibus
1522 1987 1635 2031 deri·

283 2155 318 2199 ἕ.
341 2155 396 2209 57.
423 2166 467 2194 ex
495 2164 563 2201 quo
593 2150 842 2204 subsolanus.-
874 2149 997 2204 Yulgo
1023 2149 1294 2203 interpositum
1318 2149 1376 2185 his
1394 2150 1538 2197 legitur
1556 2164 1634 2187 πα-

330 2211 481 2246 ραγεται
499 2204 632 2232 contra
650 2208 761 2230 usum
780 2199 976 2231 Prisciani.
1027 2197 1220 2230 Omittunt
1242 2197 1340 2231 hanc
1359 2208 1492 2232 vocem
1513 2198 1629 2233 codd.

330 2245 442 2279 Luth.
463 2243 638 2278 Heidelb.
661 2242 798 2276 Dresd.
819 2242 952 2276 Zwicc.
977 2255 1008 2276 1.
1029 2243 1108 2276 Erl.
1133 2255 1162 2276 ι.
1187 2252 1219 2277 2.
1241 2242 1342 2287 Lips.
1369 2255 1399 2278 1.
1421 2253 1456 2278 2.
1477 2244 1511 2278 5.
1546 2245 1627 2278 MS.

331 2291 464 2326 Zwicc.
487 2299 519 2324 2.
542 2289 837 2335 suprascriptam
857 2287 1033 2322 ostendit.

281 2341 414 2376 Ancon
441 2337 606 2372 Aneonis
634 2335 904 2370 Anconitanus.
956 2335 1064 2379 Quae
1090 2332 1148 2366 his
1177 2333 1216 2366 in
1246 2332 1476 2368 editionibus
1505 2334 1632 2370 addita

327 2386 529 2428 leguntur,
565 2383 632 2415 Izoc
656 2387 780 2413 tamen
800 2385 927 2424 potest
955 2381 1066 2412 etiam
1091 2381 1138 2413 ab
1167 2381 1370 2414 Anconites
1399 2392 1496 2419 esse,
1535 2384 1632 2427 quod

321 2428 441 2477 paulo
459 2434 545 2474 post
564 2428 792 2467 ostendetur,
827 2437 894 2468 ea,
930 2436 1016 2459 cum
1043 2425 1356 2470 praestantissimi
1378 2426 1537 2462 Codices
1557 2427 1629 2462 hoc

345 2476 516 2509 *lossema
532 2473 731 2518 ignorent,
764 2477 871 2505 textu
897 2472 1009 2504 movi.
1062 2471 1255 2505 Omittunt
1275 2473 1382 2506 MSS.
1403 2473 1515 2508 Luth.
1537 2474 1628 2507 Hei-

355 2521 428 2556 elh.
459 2520 594 2554 Zwice.
617 2532 648 2553 ι.
670 2527 702 2552 2.
734 2517 811 2550 Erl.
834 2526 867 2551 2.
898 2517 999 2562 Lips.
1022 2526 1054 2551 2.
1077 2519 1110 2551 5.
1160 2517 1312 2551 Deinde
1339 2517 1379 2551 in
1410 2518 1625 2562 codicibus,

327 2567 394 2616 qui
420 2566 516 2601 haec
531 2565 647 2600 verba
664 2564 861 2605 referunt,
894 2563 998 2597 varie
1017 2563 1157 2608 scripta
1185 2563 1441 2608 reperiuntur.
1491 2565 1568 2600 Erl.
1593 2578 1622 2600 ι.

328 2625 398 2661 pro
417 2613 530 2647 etiam
548 2610 664 2646 habet
681 2616 730 2644 et.
774 2609 874 2654 LiPS.
898 2622 928 2643 ι.
949 2610 1157 2644 Achonitis.
1195 2609 1262 2643 Ed.
1286 2611 1378 2643 Ven.
1401 2618 1432 2643 2.
1457 2613 1624 2644 ostendi-

325 2668 398 2695 tur.
447 2660 493 2692 In
511 2658 594 2692 MS.
615 2658 716 2709 Lips.
743 2663 775 2690 2.
790 2655 845 2689 ad
872 2655 1084 2699 marginem
1111 2655 1205 2689 haec
1232 2662 1435 2690 notantur:
1469 2658 1646 2698 meconi·⁴
1677 2672 1681 2677 N
1746 2664 1748 2666 ·

326 2714 439 2740 mnus
460 2715 532 2738 non
552 2704 656 2737 venit
676 2702 722 2736 ab
743 2714 873 2743 ancon,
897 2703 964 2735 sed
983 2702 1029 2735 ab
1052 2704 1255 2737 amanites.
1569 2724 1575 2742 3

280 2755 315 2799 S,
336 2752 390 2786 58.
418 2749 547 2785 Galate
569 2749 775 2790 Calatinus,
806 2747 954 2782 Calacte
984 2747 1209 2782 Calactinus.
1258 2748 1317 2782 Ita
1335 2748 1429 2782 Edd.
1454 2754 1493 2783 et
1511 2748 1620 2784 MSS.

1735 2690 1748 2756 ³⁷
