1748 3112
335 294 416 338 552
752 288 876 333 Lm.
906 290 989 333 XI.
1050 286 1329 334 CAP.'v11.
1364 341 1366 344 ¹

339 414 429 454 hoc
449 421 531 466 pro
558 404 658 455 illis,
691 415 735 447 et
764 403 840 453 illa
859 419 940 461 pro
960 406 1047 447 hoc
1075 415 1324 462 ponuntur.
1381 403 1732 452 Dicimusvenim

339 469 491 526 legens
514 475 580 506 est
603 460 682 528 qui
711 461 832 519 legit,
866 473 910 503 et
929 461 1007 519 qui
1027 461 1137 519 legit
1156 472 1222 503 est
1236 463 1400 519 legens,
1434 473 1646 507 coenatus
1663 474 1733 512 est

272 525 317 561 26
341 525 417 583 qui
439 531 668 568 coenavit,
701 530 745 561 et
771 519 849 576 qui
868 517 1075 561 coenavit
1107 530 1315 561 coenatus
1345 530 1426 562 est.
1483 521 1596 564 Illud
1624 534 1734 578 quo,-

341 597 429 641 que
458 577 712 624 sciendum,
746 578 866 633 quod
891 590 1018 632 saepe
1053 587 1098 617 et
1127 576 1351 631 praesenti
1377 591 1457 632 pro
1478 576 1734 633 praeterito,

341 651 386 683 et
406 633 641 696 praeterito
667 647 749 691 pro
778 633 999 689 praesenti
1028 642 1217 674 utuntur
1235 644 1439 675 auctores
1454 633 1734 676 necessitati·

341 709 495 743 causa,
525 706 631 734 cum
661 689 891 738 deficiant,
925 688 1040 732 etin
1070 704 1121 732 or
1141 688 1389 744 desinentia
1409 689 1658 746 praesenti,
1689 701 1734 732 et

339 753 391 795 in
422 764 450 793 o
470 746 757 792 terminantia
788 745 1042 804 praeterito.
1099 746 1349 789 Praesentis
1379 757 1526 788 tamen
1555 745 1733 803 partici-

335 809 492 870 pium,
525 805 643 863 quod
671 803 805 847 etiam
834 801 1125 859 praeteritum
1156 801 1472 859 imperfectum
1499 803 1732 861 significat,

340 866 456 908 solet
484 861 699 919 conjungi
729 861 878 903 verbis
907 858 1133 916 praeteriti
1175 860 1361 914 perfecti
1394 871 1438 901 et
1473 862 1734 917 plusquam-

339 919 556 980 perfecti,
587 930 629 961 et
657 917 1030 976 significationem
1059 917 1304 957 eorundem
1333 927 1584 973 temporum
1611 931 1733 959 com-

338 980 473 1036 plere,
507 977 732 1034 quomodo
755 977 890 1017 verba
908 972 1146 1030 praesentis
1168 971 1394 1028 temporis,
1427 972 1464 1015 si
1486 975 1732 1031 adjungan-

339 1046 416 1078 tur
439 1031 688 1091 participiis
724 1029 974 1089 praeteriti‚
1020 1028 1313 1086 praeteritum
1356 1028 1631 1087 significant,
1681 1041 1735 1071 ut

340 1101 555 1135 coenatus
583 1105 697 1138 sum,
740 1099 952 1131 coenatus
978 1102 1037 1138 εε,
1068 1097 1276 1128 coenatus
1306 1098 1385 1134 est,
1417 1101 1498 1143 pro
1530 1085 1730 1134 coenavi,

339 1145 556 1196 coenasti,
578 1145 798 1188 coenavit.
843 1143 915 1187 Sic
934 1157 1052 1200 erg0,
1081 1141 1118 1184 si
1142 1142 1284 1184 dicam
1307 1157 1498 1185 coenans
1520 1141 1584 1184 fui
1607 1141 1733 1188 fuisti

339 1204 447 1257 fuit,
488 1203 676 1245 coenavi
709 1200 910 1244 coenasti
942 1198 1166 1248 coenavit,
1207 1214 1398 1242 coenans
1428 1200 1596 1241 fueram
1633 1200 1734 1241 fue-

338 1276 410 1304 ras
441 1261 598 1308 fuerat,
629 1274 709 1315 pro
746 1271 1038 1301 coenaveram
1063 1270 1329 1298 coenaveras
1353 1268 1627 1306 coenaverat,
1644 1270 1734 1313 xpo-

318 1315 594 1372 *test-accipi.
655 1320 807 1372 ltaque
838 1315 962 1371 quod
991 1314 1114 1355 deest
1133 1313 1383 1355 Latinitatis
1408 1312 1590 1370 ‚linguae
1607 1325 1736 1355 natu-

322 1373 512 1421 .raliter‚
546 1375 798 1429 completur
821 1376 1057 1425 juncturae
1087 1369 1274 1412 ratione.
1334 1367 1481 1412 Multa
1514 1382 1662 1412 tamen
1682 1369 1745 1412 in'

337 1429 409 1472 his
433 1443 622 1485 quoque,
655 1443 767 1485 quae
787 1429 934 1482 regula
959 1425 1099 1481 exigit
1120 1426 1222 1473 dici,
1253 1425 1348 1468 sive
1365 1425 1615 1482 euphoniae
1633 1441 1734 1468 cau-

339 1501 386 1529 sa
408 1484 641 1534 deficiunt,
665 1484 761 1526 sive
783 1485 906 1539 quod
924 1481 974 1522 in
993 1497 1078 1523 usu
1093 1496 1188 1546 pon
1207 1493 1326 1531 sunt,
1359 1482 1478 1524 sicut
1500 1493 1545 1524 et
1562 1482 1608 1524 in
1631 1481 1733 1524 aliis

337 1541 539 1600 partibus
565 1540 792 1583 orationis.
823 1542 858 1582 A
878 1537 1058 1586 neutris,
1073 1544 1123 1580 ut
1138 1537 1348 1587 diximus,
1364 1538 1480 1580 sicut
1491 1540 1544 1580 ab
1554 1538 1732 1594 activis,

339 1601 483 1641 duum
506 1609 761 1654 temporum
782 1594 1015 1653 participia
1035 1595 1241 1643 veniunt,
1254 1593 1511 1651 praesentis,
1531 1606 1580 1636 ut
1593 1606 1728 1646 stans,

269 1665 315 1701 ²7
339 1653 498 1704 futuri,
523 1665 575 1696 ut
603 1665 811 1696 staturus.
870 1650 1168 1694 Inveniuntur
1189 1662 1336 1693 tamen
1359 1653 1572 1708 quaedam
1591 1667 1644 1699 ex
1667 1643 1747 1695 eis<

338 1711 475 1755 etiam
494 1709 724 1768 praeteriti
755 1708 996 1766 temporis,
1029 1718 1080 1749 ut
1107 1723 1248 1750 coeno
1270 1719 1505 1763 coenatus,
1534 1711 1748 1765 prandeo,

334 1782 543 1828 pransus,
572 1769 729 1824 placeo
758 1765 974 1822 placitus,
1006 1767 1129 1807 nubo
1148 1775 1470 1828 nuptappateo
1497 1780 1648 1822 passus
1666 1771 1733 1820 (et

334 1825 482 1883 patior
502 1835 652 1865 tamen
677 1838 830 1879 passus
853 1820 991 1876 facit),
1024 1836 1227 1863 assuesce
1250 1829 1462 1884 assuetum
1494 1824 1615 1878 quod
1635 1821 1748 1879 qui-‘0

334 1882 525 1924 busdam
550 1893 722 1922 nomen
742 1878 883 1935 magis
903 1893 997 1920 esse
1025 1877 1229 1926 videtur,
1262 1868 1380 1922 siout
1408 1877 1588 1934 quiesco
1611 1877 1748 1936 quie-r

334 1948 423 1979 tus,
485 1940 590 1978 Juro
611 1935 746 1977 etiam
773 1940 957 1987 juratus,
988 1935 1107 1990 quod
1130 1933 1263 1976 etiam
1285 1933 1336 1975 in
1358 1933 1529 1986 passiva
1549 1933 1734 1992 signifi-

336 1993 515 2036 catione
541 1991 797 2041 invenitur,
836 1990 1004 2046 quippe
1041 1990 1174 2031 etiam
1202 1992 1390 2031 verbum
1418 1989 1569 2046 ipsum·
1593 1995 1730 2033 Luca-

326 2053 421 2092 'nus
441 2049 491 2090 in
503 2053 551 2094 V.
563 2047 774 2113 protulit:
804 2051 864 2088 Et
876 2050 1013 2086 laetae
1023 2051 1234 2100 jurantur
1254 2062 1350 2086 aves
1368 2047 1524 2086 bubone
1540 2051 1731 2101 sinistro,

337 2105 506 2150 Statius
525 2116 661 2147 etiam
682 2103 732 2145 in
751 2107 838 2146 VII.
862 2102 1144 2144 Thebaidos:
1174 2106 1367 2143 Numina
1384 2107 1570 2157 captivis
1597 2108 1742 2153 etiam?

332 2164 526 2207 iurabere
550 2163 711 2203 Thebis.
768 2158 979 2214 Virgilius
1001 2157 1051 2199 in
1071 2162 1123 2200 11.
1154 2158 1430 2215 Georgicon:
1459 2161 1555 2200 Aut
1573 2165 1741 2212 conju-·

336 2230 432 2260 rato
464 2220 706 2260 descendens
738 2220 889 2258 Dacus
917 2217 969 2255 ab
998 2218 1121 2257 Istro.
1183 2217 1365 2257 Addunt
1380 2214 1567 2272 ¹quidam
1589 2216 1744 2260 etiamf-

335 2290 360 2317 a
389 2289 517 2317 careo
548 2289 715 2317 cassus:
755 2274 878 2329 quod
906 2271 945 2312 si
974 2282 1111 2319 esset,
1144 2286 1345 2313 cassurus
1377 2273 1740 2327 debet-et'facere²

333 2332 565 2379 futurum,
607 2345 703 2372 non
739 2329 979 2377 cariturus,
1012 2329 1151 2382 ,quod
1189 2325 1411 2370 Iuvenalis
1445 2326 1739 2389 insecundo}

331 2386 542 2444 protulit:
581 2389 733 2428 Tollere
752 2388 914 2426 dulcem
945 2389 1111 2438 cogitat
1128 2386 1320 2437 heredem
1342 2389 1558 2439 cariturus
1578 2394 1748 2437 turta-2,

333 2460 378 2484 re
408 2459 582 2498 magno,
615 2454 668 2484 ut
698 2456 829 2498 supra
862 2435 1220 2482 memoravimus.
1278 2443 1393 2496 Ergo
1414 2438 1562 2483 cassus
1584 2438 1748 2509 magia&

331 2513 502 2559 nomen
532 2511 611 2551 est,
631 2498 750 2542 sicut
775 2499 928 2553 lassus,
959 2508 1002 2540 et
1021 2495 1211 2539 maxime
1234 2510 1339 2540 cum
1360 2508 1528 2540 vanum
1548 2496 1745 2556 signifi-⁷·-

374 2665 444 2704 Iwc
454 2665 622 2711 pro-illis
643 2670 681 2700 et
700 2663 769 2699 illa
785 2676 854 2711 pro
871 2663 952 2700 hoc.
998 2662 1134 2710 Vulgo,
1159 2662 1251 2699 haec
1271 2682 1319 2690 ·--
1341 2660 1411 2697 his.
1459 2657 1541 2697 Nos
1555 2662 1738 2709 singulm

420 2722 504 2746 rem
523 2711 770 2757 expressimus
801 2723 822 2746 e
842 2709 958 2745 Codd.
978 2710 1090 2744 Luth.
1113 2710 1286 2745 Heidelb.
1310 2709 1411 2753 Lips.
1436 2713 1471 2743 ιζ
1489 2721 1522 2744 2.
1542 2708 1715 2754 aliisque.

365 2757 410 2802 -s,
427 2767 483 2803 27;
511 2759 655 2792 Statius
671 2759 712 2790 in
735 2759 822 2792 V11.
844 2755 953 2791 Theb.
972 2766 1026 2792 vs.
1042 2769 1118 2792 102.
1170 2757 1267 2802 Virg.
1289 2757 1329 2790 in
1347 2758 1402 2790 II.
1421 2757 1549 2801 Georg.
1566 2766 1724 2801 vsae497.·,
1746 2774 1748 2783 =

420 2806 551 2840 Juven.
567 2804 608 2838 in
622 2806 680 2839 II.
705 2803 779 2838 Sat.
801 2802 833 2837 6.
851 2814 905 2837 νε.
924 2813 980 2848 59.
1014 2835 1020 2839 ,
1036 2804 1136 2849 Virg.
1156 2803 1199 2838 in
1223 2804 1266 2840 V.
1283 2801 1379 2838 Aen.
1397 2811 1449 2842 vs.
1467 2810 1549 2845 353.
1745 2809 1747 2813 ’
