1748 3112
255 246 361 294 ..240
456 240 465 253 f
599 235 610 241 ‘
697 247 1250 291 Lm.v1.cA1>.V1.

280 361 488 418 Virgilius
507 359 812 403 in'Bucolicis:
843 364 1026 403 Numero
1049 364 1152 403 deus
1173 367 1333 418 impare
1344 367 1518 419 gaudet.
1577 370 1663 410 Lu-

280 434 414 461 canus
437 418 485 458 in
497 420 566 463 IX,
590 420 704 471 Ergo
718 422 822 471 pari
840 428 932 459 voto
950 423 1126 473 gessisti
1143 421 1253 460 bella
1262 425 1477 470 juventus.
1507 422 1662 480 [Virg.]

278 480 350 524 Et,
378 477 559 528 paribus
585 490 627 513 se
655 477 830 514 sustulit
850 478 948 516 alis.
1006 474 1220 518 Similiter
1248 481 1333 519 Lar
1353 476 1486 522 Laris.
1544 479 1663 536 Virg.

277 532 327 574 in
349 536 394 575 V.
419 535 774 586 Pergameamque
803 535 974 580 Larem,
1005 542 1046 572 et
1071 548 1208 573 canae
1228 536 1470 587 penetralia
1500 538 1662 577 Venae.

275 591 483 632 Plautus:
514 590 607 642 Ego
628 603 721 628 sum
735 590 827 628 Lar
844 589 1108 643 familiaris,
1170 594 1220 631 In
1243 606 1287 631 er
1311 602 1558 648 correptam
1580 592 1663 634 de-

275 644 486 695 sinentia,
506 658 525 685 s
544 655 589 686 et
610 654 627 684 t
646 645 1026 694 antecedentibus,
1050 645 1139 688 nisi
1161 645 1251 687 sint
1272 645 1534 703 possessiva,
1555 662 1661 706 quo—

273 718 376 745 rum
407 701 454 743 in
477 700 515 742 is
549 699 755 742 desinunt
784 700 1052 751 foeminina,
1085 706 1200 745 erin
1234 704 1271 744 ri
1292 715 1489 755 mutant,
1522 716 1567 748 et
1596 705 1663 747 fa-

274 758 402 802 ciunt
427 756 701 824 genitivum,
762 769 814 799 ut
848 757 924 814 hic
954 760 1111 803 Auster
1140 759 1311 813 Austri,
1363 759 1440 801 hic
1477 761 1663 804 oleaster

273 817 470 865 oleastri,
503 813 578 855 hic
605 813 792 870 apiaster
825 813 1018 871 apiastri.
1077 815 1312 871 Excipitur
1342 829 1568 873 sequester
1589 832 1663 859 se-

272 871 476 929 questris,
510 872 629 928 quod
658 870 822 927 duplici
845 871 1016 912 ratione
1043 873 1321 928 compellitur
1349 875 1662 916 secundae'es-

271 943 342 977 se,
375 927 589 985 quoniam
621 938 666 968 et
694 938 709 968 t
732 939 774 969 et
794 943 813 969 s
842 939 944 970 ante
980 943 1025 969 er
1044 931 1196 979 habet,
1230 944 1312 971 nec
1346 941 1411 971 est
1441 929 1660 987 possessi-

270 990 395 1034 vum,
429 996 473 1025 et
490 986 609 1041 quod
628 983 678 1024 in
699 999 723 1025 a
747 983 853 1025 facit
875 983 1191 1035 foemininum,
1223 996 1460 1042 sequestra.
1520 986 1658 1042 Virgi-

270 1041 357 1083 lius
378 1041 427 1082 in
448 1040 709 1083 undecimo:
740 1043 798 1080 Et
809 1057 918 1094 pace
939 1052 1164 1096 sequestra.
1212 1042 1394 1083 Tertiae
1418 1052 1565 1084 tamen
1584 1042 1660 1083 in-

267 1098 449 1140 venitur
490 1096 804 1139 declinationis
843 1099 959 1153 apud
997 1099 1245 1154 plerosque.
1318 1097 1476 1151 Cicero
1515 1097 1564 1140 iu
1603 1101 1658 1143 11.

266 1154 575 1196 Verrinarum:
605 1155 698 1194 Aut
720 1164 962 1207 sequestres,
997 1165 1073 1195 aut
1104 1159 1345 1208 interpretes
1367 1157 1660 1210 corrumpendi

257 1213 436 1263 judicii.
497 1211 583 1252 Sed
614 1210 795 1252 Plautus
827 1213 912 1251 hoc
932 1225 1109 1266 quoque
1141 1213 1387 1254 secundum
1410 1211 1658 1267 analogiam

266 1267 528 1318 declinavit,
561 1277 614 1308 ut
641 1265 689 1307 in
710 1265 957 1310 Vidularia:
986 1270 1192 1308 Animum
1223 1269 1454 1318 advortite,
1488 1268 1653 1318 amabo.

268 1328 316 1365 Si
335 1327 482 1373 vultis,
504 1325 695 1364 vidulum
714 1324 785 1362 hic
804 1328 1021 1376 apponite:
1051 1340 1125 1378 ego
1149 1325 1334 1370 servabo,
1367 1329 1496 1378 quasi
1513 1339 1657 1379 seque-

265 1391 353 1422 stro
385 1382 514 1430 detis;
563 1383 703 1434 neutri
734 1381 925 1428 reddibo,
977 1382 1175 1420 donicum
1204 1396 1281 1431 res‘
1304 1382 1552 1430 dijudicata
1585 1385 1656 1421 sit.

197 1455 242 1490 33
266 1441 317 1480 In
339 1439 517 1478 eadem:
546 1437 688 1476 Haud
702 1435 837 1490 fugio
868 1447 1133 1490 sequestrum.
1195 1440 1242 1478 ln
1265 1432 1310 1478 er
1334 1451 1511 1492 quoque
1532 1436 1654 1479 desi-

262 1493 418 1535 nentia
442 1496 606 1535 Graeca
636 1491 880 1533 masculina
909 1492 1205 1549 supradictam
1241 1504 1415 1534 servant
1438 1495 1652 1550 regulam,

263 1565 374 1609 quae
396 1550 444 1591 in
465 1564 537 1592 ros
558 1550 677 1606 apud
694 1551 883 1591 Graecos
912 1549 1055 1601 finita,
1088 1551 1372 1592 antecedente
1403 1549 1487 1591 alia
1509 1550 1556 1592 in
1579 1565 1652 1592 ea-

311 1715 491 1762 Virgilius
511 1716 550 1748 in
570 1716 660 1748 Buc.
681 1714 787 1747 VIII.
808 1723 865 1759 75.
890 1715 1066 1747 Lucanus
1085 1714 1125 1748 in
1143 1715 1213 1748 ῙΧ.
1233 1713 1311 1757 256.
1352 1712 1567 1760 [Virgilius]
1586 1715 1649 1755 Et,

346 1761 504 1807 paribus
521 1766 616 1794 caet.
652 1760 767 1794 Uncis
786 1759 923 1793 inclusi
945 1770 1086 1793 nomen
1104 1759 1267 1804 Virgilii,
1286 1759 1465 1805 quoniam
1482 1759 1522 1793 in
1538 1759 1650 1794 Codi-

351 1809 458 1843 cibus
476 1806 570 1841 meis
590 1817 668 1840 non
686 1805 888 1849 reperitur.
937 1805 1016 1839 Erl.
1037 1818 1069 1839 2.
1086 1817 1158 1850 pro
1177 1817 1222 1839 eo
1241 1805 1356 1840 habet
1374 1805 1487 1846 aliud,
1512 1817 1535 1840 e
1550 1805 1649 1851 glos-

350 1859 495 1888 semate
520 1852 656 1898 procul
681 1851 806 1885 dubio.
855 1851 1009 1896 Reliqui
1035 1863 1107 1896 per
1130 1858 1168 1885 et
1195 1852 1311 1886 verba
1338 1857 1535 1896 sequentia
1562 1862 1648 1885 cum

351 1898 664 1934 antecedentibus
689 1899 863 1942 jungunt.
913 1897 981 1930 Est
999 1897 1091 1931 Aen.
1114 1899 1178 1931 IX.
1204 1909 1255 1942 ¹4·

250 1976 252 1978 ,
308 1946 489 1993 Virgilius
517 1946 557 1978 in
591 1947 633 1980 V.
667 1953 819 1990 VS.745.
867 1943 1051 1978 Plautus.-
1091 1945 1171 1990 Ego
1199 1955 1278 1976 sum
1306 1942 1376 1977 rel.
1425 1942 1494 1976 Est
1520 1942 1645 1978 Aulul.

349 1992 450 2027 Prol.
470 2003 522 2024 vs.
540 2001 574 2028 2.

302 2062 450 2098 quorum
470 2050 510 2083 in
538 2049 570 2081 is
598 2048 781 2082 desinunt.
830 2046 1084 2083 Indicativum
1111 2058 1180 2092 pro
1208 2046 1450 2090 conjunctivo
1472 2047 1647 2080 desinant

349 2095 436 2131 dedi
461 2106 483 2129 e
511 2093 630 2129 Codd.
659 2093 792 2128 Zwicc.
818 2105 848 2128 1.
879 2093 957 2127 Erl.
979 2103 1012 2131 2.
1035 2094 1136 2138 LiPS.
1162 2105 1192 2127 1.
1211 2105 1244 2138 3.
1265 2093 1403 2128 Dresd.
1432 2091 1526 2127 Edd.
1550 2093 1641 2127 Ven.

300 2155 491 2224 anistri—
513 2186 666 2221 oleastri
687 2205 734 2212 —·
757 2186 927 2231 apiastri.
976 2185 1128 2219 Addunt
1144 2185 1234 2219 libri
1253 2185 1344 2219 editi
1364 2184 1483 2219 ternis
1499 2184 1559 2218 his
1578 2195 1642 2218 vo-

346 2235 450 2269 cibus
469 2244 681 2280 pronomen
705 2232 909 2266 articulare
925 2231 1085 2276 genitivi
1102 2233 1222 2276 hujus,
1247 2231 1359 2276 quod,
1386 2242 1474 2265 cum
1492 2242 1514 2264 a
1532 2229 1642 2264 Codi-

346 2281 451 2315 cihus
470 2279 565 2314 meis
586 2278 695 2320 absit,
722 2277 842 2311 omisi.

290 2336 537 2385 foemininum
561 2341 761 2382 sequestra.
807 2335 904 2367 Ante
922 2339 1112 2379 sequestra
1139 2332 1248 2367 omisi
1268 2334 1309 2367 id
1324 2339 1400 2377 est,
1434 2333 1536 2379 quod
1551 2332 1642 2367 libri

345 2382 519 2428 impressi
544 2382 729 2423 inserunt,
754 2379 884 2424 scripti
901 2378 1088 2423 ignorant.
1226 2380 1235 2397 ‘

301 2431 403 2476 Vir-g.
426 2429 466 2462 in
482 2429 684 2462 undecimo.
707 2438 760 2460 vs.
783 2437 859 2471 133.
914 2424 1039 2459 Cicero
1059 2426 1099 2459 in
1117 2426 1174 2458 II.
1198 2426 1384 2459 Verrinar.
1410 2424 1478 2459 Or.
1496 2425 1527 2459 Ι.
1548 2426 1639 2470 Cap.

297 2481 518 2563 ,Ριξιῖιῗιῗὶ
526 2521 566 2554 in
578 2521 614 2555 V
611 2518 775 2553 idularia
787 2531 797 2552 .·
816 2519 989 2553 Animum
997 2516 1192 2550 advortite.
1211 2515 1291 2550 MS.
1306 2516 1407 2561 Lips.
1422 2528 1456 2551 2.
1469 2516 1637 2550 avertite.

343 2569 439 2603 Mox
452 2566 582 2600 amabo
609 2576 632 2599 e
651 2564 768 2599 Codd.
792 2564 903 2599 Luth.
924 2562 1098 2596 Heidelh.
1121 2562 1254 2596 Zwicc.
1280 2574 1309 2596 1.
1330 2562 1375 2596 Li
1404 2574 1432 2596 s.
1456 2574 1486 2596 1.
1504 2574 1536 2596 2.
1556 2561 1635 2595 Erl.

346 2625 378 2648 1.
401 2625 433 2648 2.
451 2611 548 2647 Edd.
563 2611 658 2646 Ven.
678 2610 807 2655 recepi
823 2621 892 2655 pro
914 2609 1066 2654 vulgato
1086 2608 1203 2651 ambo,
1228 2607 1331 2653 quod
1349 2619 1370 2642 e
1401 2604 1534 2642 ’tiones
1551 2606 1633 2641 Ald.

340 2661 427 2694 Bas.
446 2658 580 2694 Colon.
599 2656 751 2692 Putsch.
771 2656 960 2691 exhibent.
1010 2654 1149 2697 Maiori
1165 2653 1474 2699 interpunctione
1490 2651 1633 2696 seJ'unxi

340 2706 388 2740 ab
408 2705 467 2740 his
489 2703 698 2750 sequentia.
745 2704 820 2737 Pro
839 2700 1005 2743 vitulum,
1030 2700 1131 2745 quod
1150 2699 1334 2734 editiones
1357 2710 1486 2734 omnes
1505 2705 1544 2732 et
1562 2699 1633 2733 Co—

341 2751 445 2787 dices
460 2749 710 2796 manuscripti
724 2753 932 2795 praestant,
949 2757 994 2782 ex
1011 2746 1080 2781 Ed„
1101 2745 1184 2780 Ald.
1204 2745 1357 2791 reposui
1374 2744 1550 2780 vidulum.
1583 2743 1632 2778 Il·
