1748 3112
257 262 340 318 590
531 271 540 286 .
675 257 796 300 Lm.
830 257 955 298 x1v.
1015 231 1158 299 cip.
1191 257 1253 299 11.

919 350 923 366 1

260 387 434 430 semper
455 369 713 429 significant
735 371 804 412 vel
827 368 1102 418 vocativum,
1135 368 1237 412 ideo
1257 367 1304 410 in
1328 369 1658 428 compositione

260 446 434 488 semper
454 431 618 472 habent
647 426 1028 483 praepositiones,
1060 427 1288 484 quomodo
1319 439 1364 468 et
1386 427 1657 470 nominativi

259 488 524 538 nominum,
569 495 613 526 et
642 482 854 526 vocativi.
922 487 1000 526 Est
1040 485 1219 540 quando
1256 483 1527 541 praepositio
1558 485 1660 526 loco

258 541 608 600 conjunctionis,
642 552 691 582 ut
714 540 887 583 dictum
913 551 993 590 est,
1024 539 1253 597 accipitur,
1283 552 1373 583 tam
1395 543 1512 598 apud
1529 544 1660 583 Grae·

259 619 336 647 eos
370 616 505 659 quam
537 601 655 656 apud
680 613 784 646 nos,
817 609 866 640 ut
887 610 1071 655 propter
1103 608 1170 646 te,
1204 600 1294 641 hoc
1327 608 1392 640 est
1424 597 1492 640 tui
1513 612 1659 640 causa.

258 665 392 704 Tunc
413 658 532 700 enim
556 659 658 699 loco
683 654 870 700 causalis
899 653 1233 710 conjunctionis
1254 653 1489 712 accipitur.
1521 670 1659 720 quan·

260 721 319 759 do
348 716 415 761 διά
449 718 658 758 Graecam
690 711 925 768 significat.
987 711 1200 769 Virgilius
1230 710 1280 754 in
1304 715 1392 755 1111.
1414 713 1659 754 Aeneidos:

266 780 321 816 Te
356 782 528 828 propter
568 772 754 826 Libycae
790 781 938 824 gentes
974 770 1296 823 Nomadumque
1320 773 1492 823 tyranni
1528 770 1657 810 odere.

259 832 452 889 Quando
486 844 592 871 vero
622 827 732 884 παρὰ
764 825 1016 882 significat,
1062 825 1407 882 praepositionis
1439 824 1537 868 vim
1563 825 1680 868 sino

258 887 399 932 dubio
419 886 630 928 defendit.
672 887 793 927 Idem
815 895 944 939 poeta
963 883 1007 924 in
1031 886 1103 926 IX.
1137 887 1236 927 Sive
1250 884 1368 924 Padi
1384 887 1511 937 ripis,
1523 885 1660 924 Athe-

257 952 341 990 sim
361 961 433 986 seu
451 955 621 998 propter
644 957 876 983 amoenum.
937 939 1156 983 Similiter
1187 941 1243 981 ob
1261 941 1363 982 loco
1385 940 1569 982 causalis
1591 954 1660 982 so·

257 1005 318 1046 let
338 1000 449 1059 poni
473 998 816 1053 conjunctionis.
877 995 1091 1054 Virgilius
1114 996 1161 1038 in
1177 999 1252 1040 xl.
1287 999 1418 1048 Cujus
1441 998 1490 1037 ob
1513 1001 1659 1051 auspi-

256 1065 373 1103 cium
385 1060 624 1111 infaustum
644 1071 856 1109 moresque
875 1058 1096 1095 sinas-tros.-
1127 1069 1233 1096 cum
1253 1052 1302 1096 in
1325 1053 1661 1111 compositione

255 1130 432 1174 semper
463 1112 809 1172 praepositionis
839 1114 999 1154 habeat
1029 1110 1437 1167 significationem,
1468 1121 1520 1153 ut
1537 1109 1659 1152 idem

258 1175 307 1218 in
328 1178 395 1218 Vl.
426 1177 619 1227 Magnas·
654 1172 850 1211 obeuntia
877 1180 1028 1218 terras,
1059 1179 1122 1209 tot
1140 1172 1280 1208 maria
1299 1172 1464 1209 intravi
1485 1170 1590 1208 duce
1609 1177 1659 1208 te.

191 1241 234 1276 ¹4
258 1235 354 1276 Nec
382 1245 472 1272 non
501 1244 617 1272 cum,
636 1226 735 1269 aliis
770 1227 968 1283 partibus
1005 1224 1223 1268 orationis
1255 1229 1496 1278 conjuncta
1525 1223 1662 1268 simul

257 1305 363 1333 cum
383 1287 471 1330 illis
492 1288 593 1329 loco
614 1284 801 1328 causalis
821 1283 1152 1335 conjunctionis
1169 1281 1406 1339 accipitur,
1438 1293 1491 1325 ut
1508 1295 1663 1339 quam·

256 1351 411 1390 obrem
441 1358 524 1401 pro
553 1353 844 1401 quapropter,
894 1352 946 1382 ut
968 1339 1127 1384 cicero
1164 1339 1211 1381 in
1237 1343 1266 1382 1.
1301 1339 1660 1382 Invectivarumr

263 1404 555 1457 Quamobrem,
576 1410 622 1441 ut
638 1415 761 1453 saepe
768 1404 869 1450 jam
892 1400 998 1446 dixi,
1015 1398 1193 1438 ‹Iis-cede.
1254 1398 1370 1439 Cum
1394 1397 1515 1453 apud
1531 1398 1662 1438 Grae-

256 1475 334 1504 cos
353 1469 551 1516 separata
583 1454 855 1514 praepositio
888 1454 1030 1496 tribus
1059 1455 1197 1495 soleat
1228 1453 1404 1495 casibus
1424 1450 1659 1510 praeponi.

255 1517 302 1559 id
322 1527 388 1559 est
408 1513 622 1572 genitivo,
657 1511 819 1560 dativo,
852 1510 1123 1558 accusative,
1156 1512 1273 1565 apud
1291 1524 1373 1551 nos
1395 1511 1571 1551 duobus
1592 1521 1660 1550 so·

255 1574 311 1616 lis
334 1570 638 1630 praeponitur,
672 1569 805 1610 idest
825 1567 1080 1610 accusativo
1104 1577 1146 1608 et
1170 1566 1380 1617 ablativo,
1411 1565 1496 1606 nisi
1519 1565 1660 1607 helle-

257 1630 407 1673 nismo
432 1638 584 1670 utatur
610 1625 874 1674 auctoritas,
907 1635 957 1666 ut
978 1621 1188 1680 Virgilius
1218 1622 1266 1663 in
1288 1624 1360 1664 111.
1383 1620 1658 1677 Georgicon:

258 1691 319 1729 Et
347 1701 519 1727 crurum
548 1694 667 1724 tenus
697 1699 725 1722 a
746 1692 879 1722 mento
900 1685 1102 1735 palearia
1126 1681 1330 1733 pendent,
1361 1677 1657 1735 genitivoest

257 1759 366 1787 usus
399 1742 647 1786 secundum
684 1742 874 1782 Graecos
913 1752 994 1795 pro
1025 1735 1243 1784 ablativo,
1304 1733 1510 1793 quamvis
1538 1737 1660 1792 apud

256 1804 450 1844 Graecos
479 1800 524 1844 τὸ
543 1798 679 1855 ἄχρις,
713 1797 835 1852 quod
866 1806 932 1837 est
950 1806 1103 1843 tenus,
1136 1807 1229 1835 non
1252 1790 1549 1849 praepositio,
1579 1793 1658 1835 ned

256 1856 521 1900 adverbium
556 1870 649 1897 esse
692 1851 955 1895 ostenditur.
1017 1855 1172 1908 Itaque
1213 1850 1332 1907 apud
1364 1863 1448 1891 nos
1479 1863 1660 1905 quoque

255 1929 354 1957 raro
371 1912 675 1972 praeponitur.
706 1911 830 1952 Idem
853 1908 959 1953 in11.
982 1907 1256 1965 Georgicon:
1286 1909 1508 1948 Baetem
1527 1922 1653 1946 arvo-

257 1987 350 2012 rum
371 1975 513 2012 cultus
532 1980 572 2009 et
592 1970 734 2010 sidera
755 1965 873 2006 caeli.
931 1967 1055 2008 Idem
1076 1964 1124 2006 in
1143 1966 1193 2005 11.
1218 1961 1462 2005 Aeneidos:
1496 1962 1658 2016 capulo

255 2040 374 2071 tenus
405 2029 571 2068 abdidit
596 2040 740 2065 ensem.
802 2021 1097 2065 Nominativo
1131 2034 1237 2061 vero
1269 2034 1347 2075 per
1365 2017 1656 2074 compositio·

207 2116 210 2121 -
257 2100 361 2128 nem
385 2083 537 2129 addita
572 2078 843 2139 praepositio
875 2094 954 2136 per
983 2091 1137 2120 omnes
1165 2086 1316 2118 manet
1344 2075 1555 2132 obliquos
1583 2089 1657 2117 ca-

257 2157 346 2186 sus.
404 2143 508 2185 Ideo
529 2150 679 2182 autem
697 2135 968 2179 nominativi
999 2150 1076 2193 per
1116 2131 1452 2190 appositionem
1482 2146 1573 2175 non
1593 2147 1654 2175 re—

311 2354 411 2399 Virg.
433 2353 473 2388 in
499 2353 570 2389 IV.
590 2351 683 2387 Aen.
713 2362 746 2385 v.
768 2348 851 2384 Ind.
903 2346 1005 2381 Idem
1018 2347 1143 2391 poe‘ta.
1186 2345 1423 2379 Postremum
1439 2353 1574 2378 vocem
1591 2343 1656 2378 ad·

349 2399 426 2454 jeci
446 2409 468 2433 e
486 2397 603 2433 Codd.
624 2398 734 2432 MSS.
753 2397 793 2430 in
811 2396 886 2430 IX.
905 2405 959 2428 νε.
980 2393 1059 2432 680.
1099 2392 1200 2438 Virg.
1219 2392 1260 2425 in
1278 2392 1353 2425 XI.
1370 2401 1423 2425 vs.
1443 2401 1524 2438 347.
1555 2389 1655 2425 Idem
1739 2419 1748 2457 η.

303 2446 645 2538 ἓ.ιζι4.γ1οιἷ8ιιῗ91
663 2492 806 2524 Invect.
833 2487 923 2532 Cap.
944 2497 978 2532 9.
1028 2483 1138 2530 Apud
1159 2483 1237 2518 Cic.
1259 2481 1401 2528 legitur
1414 2483 1654 2529 proficiscere
1745 2467 1748 2507 J

351 2550 420 2585 pro
440 2538 597 2573 discede.
645 2535 752 2570 Nihil
768 2540 899 2568 tamen
917 2530 1015 2578 apud
1035 2532 1218 2565 Nostrum
1235 2528 1460 2564 mutandum
1479 2535 1548 2564 est.

298 2597 495 2644 praeponi,
511 2596 552 2630 id
566 2601 635 2630 est.
682 2594 758 2627 Has
777 2591 868 2626 duas
887 2601 999 2626 voces
1018 2588 1164 2625 inserui
1180 2599 1203 2623 e
1221 2586 1338 2623 Codd.
1358 2585 1497 2621 Dresd.
1519 2585 1599 2621 Erl.
1622 2597 1652 2619 1.

352 2655 385 2678 2.
406 2642 539 2680 Zwicc.
563 2654 595 2677 2.
617 2640 719 2686 Lips.
742 2650 775 2684 3.

308 2690 410 2735 Virg.
428 2689 469 2722 in
484 2691 563 2723 ΙΙΙ.
585 2690 714 2734 Georg.
740 2696 795 2720 vs.
815 2695 872 2731 53.
922 2685 1025 2720 Idem
1050 2685 1092 2716 in
1108 2683 1165 2716 11.
1188 2684 1315 2728 Georg.
1346 2679 1393 2714 ab
1418 2678 1504 2713 init.
1551 2677 1656 2715 Idem

352 2736 392 2770 in
411 2738 465 2772 ΙΙ.
486 2733 642 2770 Aeneia.
667 2744 720 2767 νε.
744 2742 824 2777 555.

307 2782 417 2827 §⁴45-
451 2781 499 2816 ab
528 2785 636 2817 muto
663 2779 764 2815 enim
789 2779 935 2824 incipit.
982 2776 1043 2811 Ita
1067 2773 1277 2811 secundum
1303 2771 1425 2808 Codd.
1455 2769 1560 2810 edidi
1583 2779 1652 2814 pro
