1748 3112
231 1592 272 1626 13

293 262 381 309 566·
673 266 807 310 LIB.
837 266 973 312 x111.
1032 265 1176 312 CAP.
1208 267 1303 311 111.

298 378 429 438 quid,
471 377 583 422 alius
612 379 745 424 aliud.
805 380 897 423 Alie
927 395 1106 439 quoque
1135 380 1441 440 antiquissimi
1468 387 1548 442 pio
1575 382 1688 428 alins

294 438 602 495 protulerunt;
649 442 741 490 ejus
770 436 995 497 genitivus
1028 454 1126 482 raro
1158 451 1224 482 est
1254 439 1302 482 in
1335 455 1434 483 usu.
1494 444 1691 487 Etlcnm

297 493 453 536 debuit
473 509 562 536 una
584 495 750 548 syllaba
776 495 958 539 vincere
990 511 1124 540 suum
1155 495 1491 541 nominativum
1509 507 1554 542 et
1573 497 1690 541 dati-

298 567 433 600 vum,
467 562 616 593 tamen
646 567 722 611 par
751 564 816 594 est
845 551 1038 607 syllabis.
1101 555 1187 597 Sed
1218 554 1428 611 producit
1454 555 1470 596 i
1500 554 1691 612 penulti-
1730 608 1734 611 Δ

292 614 421 651 vmarn
451 611 638 665 semper.
695 611 882 652 Necnon
918 609 1052 653 etiam
1079 613 1331 653 secundum
1359 611 1599 654 nominum
1629 626 1694 654 se·

298 666 470 707 eundae
491 665 800 708 declinationis
820 669 1015 724 regulam
1039 667 1087 709 in
1107 667 1123 709 i
1145 683 1325 725 quoque
1348 667 1592 713 invenitur.
1631 670 1696 711 M.

297 722 478 766 Coelius
509 723 563 764 de
595 723 762 766 vestitu
791 734 836 765 et
862 723 1105 768 vehiculis:
1146 729 1263 766 Nam
1282 729 1568 779 perinjurium
1597 729 1693 774 siet,

297 795 392 819 cum
413 780 519 820 mihi
540 782 588 820 ob
609 797 673 822 eas·
690 796 834 830 mores,
866 796 967 835 quos
979 787 1103 835 prius
1123 783 1271 830 habai,
1302 784 1431 823 lzonos
1451 784 1588 831 detur,
1619 783 1694 824 ubi

299 837 429 877 datae
446 841 516 885 sit,
547 848 638 878 tam
659 842 725 878 uti
742 854 809 878 eos
829 849 996 887 mutem,
1026 849 1153 894 atque
1170 842 1251 880 alii
1271 841 1386 880 modi
1407 843 1499 881 sim.
1547 838 1691 896 Quin·

297 903 371 934 tus
396 892 444 934 in
464 896 512 935 11.
547 897 795 935 Per-versum
823 905 884 935 est
915 898 998 935 alii
1027 898 1142 936 modi
1163 899 1390 950 postulare
1416 898 1628 952 Pyt-'rhum
1646 901 1695 937 in

292 959 341 994 'te
371 959 496 1004 atquae
523 955 569 991 in
598 955 772 993 caeteris
793 953 950 1006 sciisse.
1013 951 1194 995 Coelius
1233 951 1282 994 in
1299 955 1520 995 secundo:
1545 956 1695 1008 ‘Neque

298 1010 387 1060 ipsc·
413 1022 482 1047 eos·
502 1011 583 1048 alii
601 1010 712 1050 modi
733 1026 820 1049 esse
843 1020 970 1064 atque
988 1012 1181 1053 Amilcar
1214 1011 1343 1058 dixit,
1377 1011 1582 1050 ostendere
1593 1026 1695 1064 pos-
1746 1011 1748 1021 '

290 1073 400 1112 ‘sunt
430 1067 569 1106 aliter.
628 1066 746 1108 Idem
773 1064 821 1106 in
843 1069 890 1108 V.
922 1069 1099 1108 Nullius
1128 1069 1242 1108 alius
1270 1071 1332 1107 rei
1357 1070 1444 1107 nisi
1473 1070 1696 1108 amicitiae

291 1123 439 1162 'eoram
457 1137 605 1164 caasa.
657 1124 705 1165 C.
728 1125 886 1165 Caesar
908 1122 958 1164 in
980 1122 1248 1166 Anticatone
1269 1122 1443 1180 priore:
1479 1126 1568 1174 [bio
1585 1128 1698 1165 enim

298 1189 482 1231 exc-epm,
514 1181 763 1234 qnem'alizis
791 1182 907 1228 modi
932 1192 1060 1236 atque
1081 1185 1216 1221 omni-5·
1233 1191 1394 1221 natura
1410 1181 1566 1231 finxit,
1596 1197 1696 1221 suos

299 1238 474 1288 quisque
503 1238 630 1277 habet
660 1253 794 1277 caros.
855 1238 902 1279 C.
928 1237 1126 1280 Fannius
1155 1236 1205 1278 in
1230 1241 1263 1280 Ι.
1291 1236 1558 1279 Annalium:
1595 1238 1698 1278 Cum

299 1293 347 1330 in
366 1295 458 1331 vita
482 1295 649 1347 agenda
675 1295 904 1334 didicimus
931 1297 1067 1335 multa
1090 1310 1198 1348 quae
1216 1298 1608 1348 impraesentiarum
1626 1296 1698 1334 bo·-

297 1362 358 1387 na
379 1350 572 1390 videntur
584 1360 685 1404 post
701 1354 898 1399 inventa,
928 1362 968 1391 et
989 1355 1128 1391 multa
1156 1354 1340 1404 amplius
1360 1352 1475 1391 alius
1495 1352 1610 1391 modi
1628 1361 1700 1392 at-

288 1416 376 1456 ·qzie
396 1415 495 1446 ante
516 1411 611 1446 visa
626 1417 771 1447 essent.
833 1409 917 1450 Sed
937 1409 1060 1463 quod
1083 1419 1149 1449 est
1170 1407 1350 1456 mirum,
1374 1406 1614 1449 foeminini
1639 1418 1701 1450 et·

297 1459 387 1501 iam
416 1463 590 1527 generis
621 1461 878 1519 genitivum
909 1463 1089 1520 quidam
1120 1463 1168 1504 in
1191 1463 1206 1503 i
1227 1464 1524 1520 protulerunt.
1584 1466 1703 1507 eoe-

298 1515 386 1557 lius
420 1533 467 1558 ιη
501 1522 531 1560 1.
563 1521 807 1574 Antequam
841 1523 1022 1562 Barcha
1057 1525 1245 1574 perierat
1286 1523 1369 1560 alii
1396 1525 1456 1560 rei
1485 1536 1624 1562 eausa
1652 1525 1701 1562 in

298 1574 502 1627 Africam
519 1580 685 1618 missus.
746 1576 860 1632 Quis
881 1578 1017 1619 etiam
1038 1575 1291 1619 communis
1313 1591 1406 1618 esse
1425 1576 1601 1634 generis
1619 1592 1700 1634 pu·

299 1640 511 1672 taverunt
540 1631 859 1681 vetustissimi,
892 1633 1011 1676 sicut
1041 1635 1157 1690 apud
1188 1635 1376 1675 Graecos
1402 1637 1473 1684 τίς.
1533 1635 1700 1675 Teren-

297 1685 392 1727 tius
423 1686 481 1728 in
505 1690 763 1732 Eunucho:
786 1694 918 1731 Hunc
946 1693 1080 1731 oeulis
1107 1701 1348 1731 nostrarum
1371 1695 1597 1744 quisquam
1617 1707 1700 1731 non

298 1745 426 1793 vidit,
458 1746 692 1788 Phaedria.
751 1747 1017 1790 Nostrarum
1052 1746 1287 1806 quisquam
1309 1745 1428 1790 dixit
1453 1761 1535 1806 pro
1567 1761 1699 1807 quae·

346 1920 432 1942 ram
459 1917 516 1944 ese
544 1911 584 1945 in
609 1922 690 1947 usu.
738 1912 863 1958 Vulgo
881 1923 991 1946 rarus
1012 1918 1070 1946 est
1089 1912 1130 1946 in
1149 1924 1230 1955 usu,
1305 1923 1366 1947 am
1382 1910 1592 1946 lectionem
1609 1921 1700 1946 con·

338 1975 341 1979 ›
392 1955 522 1989 firmat
552 1958 634 1991 MS.
654 1957 830 1993 Heidelb.
853 1970 941 1993 cum
970 1958 1111 2003 paucis,
1160 1958 1260 2003 Equi
1289 1970 1347 1992 em
1367 1963 1519 1992 secutus
1538 1956 1641 2003 Hp&
1667 1969 1696 1992 1.

396 2013 428 2035 2.
451 2002 530 2036 Erl.
554 2015 584 2037 1.
605 2015 634 2037 2.
659 2004 769 2038 Luth.
791 1999 923 2049 recepi
949 2003 1186 2038 usitatiorem
1204 2003 1421 2038 formulam.

348 2072 400 2106 M.
425 2071 579 2107 Coelius.
629 2073 736 2107 Infra
753 2073 835 2107 Lib.
858 2073 978 2106 XVII.
1000 2072 1064 2106 hic
1083 2072 1190 2106 locus
1210 2072 1278 2106 sub
1299 2071 1468 2113 Catonis,
1486 2082 1590 2106 nunc
1608 2081 1700 2105 vero

394 2117 463 2150 sub
489 2118 545 2152 M.
576 2119 701 2153 Goelii
726 2119 882 2153 nomine
911 2118 1062 2154 citatur.
1117 2119 1304 2165 Equidem
1335 2117 1457 2153 Goelii
1485 2129 1569 2152 esse
1591 2116 1699 2170 puto,

392 2170 601 2208 propterea
630 2165 733 2211 quod
760 2165 928 2199 Marcius
957 2177 1191 2211 praenomen
1219 2164 1394 2207 additur,
1421 2160 1524 2211 quod
1541 2163 1703 2198 Priscia-

392 2219 478 2252 nus,
505 2210 571 2244 uhi
597 2211 782 2246 Catonem
807 2211 960 2257 allegat,
994 2223 1201 2258 nunquam,
1228 2211 1330 2256 quod
1357 2210 1448 2253 scio,
1473 2209 1579 2244 facit.
1627 2209 1700 2244 Pro

389 2256 637 2301 perinjurium
665 2258 825 2293 Codices
852 2257 1030 2303 plerique
1055 2257 1235 2292 exhibent
1254 2257 1472 2304 perjurium.
1529 2254 1626 2290 Sunt
1645 2261 1701 2291 ta-

392 2311 495 2345 men,
523 2303 588 2348 qui
604 2304 796 2349 vulgatam
812 2310 990 2338 tueantur
1002 2329 1011 2347 ,
1038 2304 1140 2338 inter
1160 2315 1254 2349 quos
1273 2302 1449 2338 Heidelb.
1471 2301 1605 2337 Zwicc.

349 2369 494 2406 Coelius
514 2372 555 2405 in
574 2373 745 2408 secundo.
771 2372 908 2417 Vulgo,
935 2373 974 2404 in
986 2373 1117 2417 primo.
1154 2373 1312 2407 Secutus
1333 2382 1418 2405 sum
1434 2371 1544 2407 MSS.
1567 2371 1703 2407 Zwicc.

395 2427 429 2451 2.
450 2416 554 2462 Lips.
579 2429 610 2453 1.
660 2419 754 2452 Mox
781 2429 851 2463 pro
875 2419 971 2453 idem
999 2418 1039 2451 in
1059 2419 1208 2464 quinto,
1244 2429 1342 2463 quae
1368 2417 1484 2451 lectio
1513 2418 1603 2452 satis
1620 2423 1705 2451 tuta

395 2468 456 2497 est
483 2463 711 2499 auctoritate
739 2463 857 2499 Codd.
887 2463 1000 2498 Luth.
1030 2464 1206 2499 Heidelb.
1230 2465 1363 2498 Zwicc.
1385 2463 1486 2509 Lips.
1509 2475 1542 2498 2.
1563 2463 1643 2498 Erl.
1669 2474 1700 2498 1.

396 2514 438 2543 et
464 2509 688 2544 Editionum
712 2510 961 2552 Venenum,
1008 2509 1148 2557 reliqui
1175 2511 1285 2546 MSS.
1314 2509 1454 2544 Dresd.
1484 2509 1587 2554 Lips.
1611 2521 1642 2545 1.
1665 2520 1700 2555 5.

395 2555 476 2591 Erl.
496 2568 529 2592 2.
547 2561 741 2602 praestant
760 2557 856 2591 idem
877 2557 1040 2602 quintus.

350 2625 392 2660 in
417 2625 643 2661 Anticatone
676 2626 814 2677 priore.
862 2626 936 2658 Pro
971 2625 1071 2670 vulg.
1095 2625 1217 2672 priori
1243 2624 1373 2670 recepi
1401 2635 1424 2659 e
1449 2623 1557 2658 MSS.
1587 2621 1699 2657 Luth.

398 2670 575 2725 Heidelh5
608 2672 742 2706 Zwicc.
766 2682 796 2706 1.
821 2683 852 2706 2.
875 2670 978 2717 LiPS.
1000 2683 1034 2711 2·
1056 2683 1089 2706 2.
1118 2671 1257 2707 Dresd.
1277 2671 1355 2707 Erl.
1379 2683 1409 2707 1.
1431 2682 1464 2706 2.
1482 2667 1589 2712 Edd.⁸
1607 2670 1699 2703 Ven.

400 2729 434 2761 i.
457 2730 488 2752 2.
507 2729 643 2764 przore.
1092 2744 1094 2747 .

352 2785 463 2828 atque
481 2779 612 2817 omni-5.
662 2778 755 2817 cod.
775 2777 951 2816 Heidelb.
970 2777 1096 2814 omisit
1115 2779 1243 2821 omnis·
