1748 3112
252 225 339 273 344
647 228 768 271 LIB.
783 229 907 271 vll.
968 228 1107 271 CAP:
1140 230 1265 274 XVI.

249 345 452 397 priorum.
512 339 671 384 Cicero
706 356 812 398 pro
807 341 995 386 Sextio·
1032 336 1278 384 Vestrizmm
1305 342 1448 386 sedum
1476 347 1652 410 templo.»

257 413 430 453 nomque
466 413 609 439 caasa.
668 401 879 442 Mensum
918 413 1097 457 quoque
1131 413 1210 456 pro
1243 397 1485 443 mensium.
1545 400 1651 444 Ovi-

258 453 396 496 'dius'
384 469 432 495 in
452 457 559 497 vul.
580 455 1028 522 Metamorphoseon.
1062 459 1120 496 Et
1140 471 1240 510 quos
1253 461 1439 497 sustinui
1455 458 1518 498 bis
1538 474 1651 498 mew-

256 528 350 553 sum
367 509 547 566 quinque
577 513 746 554 labores
803 511 1108 568 Excipiuntur
1137 510 1312 564 juvenis
1341 526 1366 553 a
1399 515 1563 566 juvene
1585 517 1655 566 ju·

246 582 450 613 venum.
483 567 608 609 canis
626 582 650 610 a
680 583 788 611 cane
809 583 991 618 canum,
1022 569 1152 626 panis
1182 583 1206 610 a
1226 583 1340 625 pane
1359 583 1554 625 panum·
1587 583 1656 612 ca·

258 635 362 666 rent
393 623 514 665 enim
543 624 557 664 i
588 624 838 692 penultima
877 641 1062 683 semper.
1123 629 1175 667 In
1213 640 1256 666 as
1289 639 1469 692 quoque
1498 625 1655 668 Latina

257 691 439 722 mutant
459 696 482 723 e
502 681 718 723 ablativi·
705 697 753 724 ιιι
774 681 811 732 i,
844 694 886 723 et
905 693 1137 724 assumunt
1159 697 1259 729 um.
1291 697 1316 723 a
1344 682 1526 724 civitate
1550 682 1660 724 civi-

259 736 448 791 tatium,
479 752 503 778 a
522 737 743 804 probitate
765 714 1078 805 piobitatiurm
1116 742 1163 780 ln
1187 737 1253 779 his
1273 750 1422 780 tamen
1451 740 1656 805 frequen-

196 813 197 816 *
263 803 333 835 ter
351 796 464 835 solet
495 788 591 836 fieri
617 794 816 838 concisio
848 795 864 836 i
898 795 946 838 in
975 795 1180 860 genitivo
1207 794 1390 860 plurali,
1432 811 1456 837 a
1475 795 1659 837 civitate

263 849 515 892 civitatium
563 862 607 892 et
638 851 901 901 civitatum,
943 867 966 894 a
986 851 1210 909 probitate
1253 850 1541 916 probitatium
1586 852 1657 892 vel

192 919 238 962 73
261 906 556 972 probitatum.
618 909 920 964 Reperiuntur
955 920 1175 964 praeterea
1204 910 1368 964 absque
1399 908 1415 950 i
1444 907 1657 950 facientia

259 963 512 1020 genitivum
539 966 786 1029 pluralem,
824 980 996 1030 quamv
994 966 1030 1006 is
1060 963 1307 1006 ablativum
1335 975 1378 1006 et
1398 963 1445 1006 in
1467 980 1491 1006 e
1510 976 1555 1006 et
1571 964 1625 1029 in·
1641 962 1659 1005 i

259 1021 510 1085 proferant,
551 1021 598 1061 in
627 1037 675 1062 us
707 1034 752 1063 et
779 1021 828 1063 iu
861 1021 892 1062 il
913 1033 953 1063 et
983 1021 1030 1062 in
1052 1035 1102 1062 or
1123 1019 1260 1062 trium
1280 1036 1516 1086 generum,
1547 1031 1591 1062 et
1613 1019 1662 1061 in

261 1091 313 1117 ex
335 1076 609 1127 desinentia,
640 1081 815 1135 quando
847 1089 951 1120 sunt
985 1076 1244 1120 communis
1278 1077 1475 1134 generis,
1505 1088 1558 1119 ut
1585 1076 1662 1118 hic

259 1142 306 1174 et
326 1135 437 1175 haec
467 1145 511 1175 et
541 1137 630 1177 hoc
658 1146 785 1176 vetus
807 1150 830 1177 a
853 1146 1002 1176 vetere
1028 1137 1099 1175 vel
1125 1134 1268 1175 veteri
1290 1146 1519 1177 veterum.
1566 1132 1660 1177 Vir-

261 1188 399 1253 gilius
442 1205 491 1231 ln
526 1190 709 1247 quinto:
747 1194 939 1232 Veterum
969 1207 1052 1232 ‘zon
1083 1196 1294 1231 immemor
1324 1194 1397 1232 zlle
1418 1201 1657 1246 parentum.

261 1244 380 1310 Vigil
402 1248 455 1286 ab
477 1248 562 1288 hoc
579 1257 623 1289 et
642 1249 694 1289 ab
717 1250 800 1290 hac
800 1247 962 1314 vigile
979 1250 1047 1289 vel
1070 1246 1222 1304 vigili,
1253 1250 1413 1289 horum
1437 1259 1481 1289 et
1502 1250 1660 1289 barum

260 1300 471 1358 vigilum.
532 1303 759 1346 Iuvenalis
795 1303 844 1346 in
887 1304 1070 1359 quinto.
1102 1307 1327 1345 Praeterea
1358 1308 1504 1345 lateris
1532 1306 1662 1357 vigili

258 1373 358 1399 eum
365 1359 489 1414 febre
510 1362 701 1402 dolorem.
751 1359 999 1418 Virgilius
986 1376 1033 1402 m
1053 1374 1203 1402 nono:
1235 1364 1460 1401 Praeterea
1480 1362 1662 1425 vigilum

258 1417 448 1455 excubiis
480 1418 662 1458 obsidere
683 1431 844 1472 portas.
904 1419 1018 1459 Sunt
1041 1428 1210 1465 tamen,
1243 1415 1320 1473 qui
1338 1415 1492 1475 vigilis
1514 1415 1663 1459 nomi-

259 1469 472 1515 nativum
491 1487 671 1537 quoque
691 1473 887 1515 similem
906 1472 1110 1529 genitivo
1132 1488 1223 1515 esse
1238 1484 1525 1539 putaverunt,
1556 1484 1662 1514 usus

261 1538 411 1568 tamen
443 1527 490 1569 in
519 1528 554 1570 il
576 1544 667 1571 esse
691 1530 909 1578 ostendit,
940 1541 990 1570 ut
1011 1533 1216 1572 Lucanus
1242 1529 1290 1571 in
1312 1533 1399 1572 1111.
1433 1533 1663 1584 malaque

258 1586 373 1624 valli
382 1614 396 1633 ,
435 1589 625 1640 pervigil
664 1590 824 1627 alterno
864 1597 992 1640 paret
1022 1587 1214 1627 custodia
1251 1591 1383 1640 signo.
1443 1585 1661 1628 Similiter

260 1655 440 1683 memor
467 1657 489 1683 a
511 1657 713 1685 memore
743 1645 813 1684 vel
845 1642 1039 1684 memori
1059 1645 1222 1685 horum
1252 1654 1296 1684 et
1287 1622 1472 1684 ΕἸιειιιιιιι
1491 1655 1662 1684 memo-

260 1712 379 1739 rum.
439 1698 652 1741 Horatius
680 1697 729 1740 in
749 1703 799 1743 lI
823 1702 1111 1742 Sermonum:
1142 1702 1260 1740 Nam
1279 1704 1472 1753 quamvis
1493 1702 1662 1740 memori

260 1754 423 1807 referas
450 1757 560 1796 mihi
580 1767 747 1810 pectore
765 1767 933 1796 cancta.
996 1759 1111 1797 Raro
1133 1766 1283 1797 tamen
1303 1754 1537 1797 invenitur
1562 1754 1611 1796 in
1636 1769 1661 1796 e

259 1809 510 1858 terminans
533 1815 666 1865 huJ'us
693 1811 891 1853 nominis
913 1810 1148 1861 ablativus,
1182 1827 1266 1854 nec
1286 1811 1418 1854 aliam
1442 1826 1536 1853 esse
1559 1826 1661 1853 cau·

260 1878 354 1909 sam
374 1866 609 1919 existimo,
643 1880 694 1912 ut
712 1867 1020 1926 supradictum
1040 1879 1120 1917 est,
1151 1868 1241 1911 nisi
1259 1883 1369 1918 eam,
1402 1869 1525 1926 quod
1544 1868 1662 1925 apud

264 2063 269 2067 .
307 2028 380 2065 Cic.
397 2042 469 2076 pro
489 2031 626 2068 Sextio
654 2031 743 2078 cap.
772 2046 827 2068 20.
876 2033 965 2067 Post
994 2042 1157 2065 mensum
1187 2032 1336 2066 eMss.
1359 2019 1485 2066 addidi
1511 2040 1665 2076 quoque.

358 2078 511 2112 Ovzdms
528 2090 568 2112 ιη
593 2044 732 2113 VIIIp
738 2083 888 2115 Melam.
917 2090 971 2112 VS.
993 2087 1073 2122 500.

309 2133 344 2178 5
368 2139 424 2179 78
451 2136 549 2170 Ante
567 2137 683 2170 veteri
703 2135 826 2170 delevi
843 2149 867 2170 a
884 2134 1220 2182 praepositionem.
1276 2134 1380 2188 V1rg
1400 2133 1441 2168 in
1465 2132 1514 2168 V.
1535 2144 1588 2168 vs.
1603 2143 1662 2178 59.

356 2181 553 2216 sut-enatis
581 2182 621 2215 in
653 2182 699 2216 V.
737 2183 811 2217 Sat.
837 2183 946 2216 ’.ΧΙΙΙ
979 2193 1031 2215 vs.
1056 2193 1133 2227 229.
1201 2180 1306 2227 Virg.
1337 2193 1376 2215 ιη
1405 2183 1478 2215 ΙΧ.
1505 2191 1557 2214 vs.
1584 2189 1660 2258 ι5ἳ.

355 2227 430 2260 Pro
454 2227 607 2272 vulgato
637 2229 780 2262 interea
807 2229 915 2263 MSS.
936 2228 1070 2262 Zwicc.
1095 2239 1124 2261 1.
1148 2239 1181 2261 2.
1204 2227 1318 2261 Luth.
1350 2226 1450 2271 Lips.
1476 2237 1507 2260 1
1528 2237 1560 2260 2.
1581 2225 1612 2259 E

343 2283 389 2309 .1
413 2284 443 2306 2.
467 2272 605 2307 Drescl.
625 2273 720 2308 Edd.
743 2275 837 2309 Ven.
861 2286 890 2308 1.
915 2287 947 2308 2.
969 2272 1083 2315 scribi
1110 2274 1300 2325 jusserunt
1311 2278 1519 2316 praeterea.
1569 2271 1663 2305 Mox

353 2323 604 2370 puta-verunt,
657 2319 731 2352 uod
761 2320 849 2354 libri
879 2318 973 2352 editi
991 2324 1077 2363 post
1109 2319 1174 2371 qui
1191 2324 1361 2363 ponunt,
1389 2316 1574 2352 Codicum
1597 2327 1663 2349 au·

356 2362 534 2397 ctoritate
564 2343 610 2396 ad
655 2365 758 2398 inem
789 2364 987 2399 commatis
1015 2363 1144 2406 rejeci.
1193 2367 1367 2397 Lucanus
1386 2363 1426 2397 in
1449 2362 1523 2398 IV.
1552 2373 1605 2396 vs.
1626 2362 1660 2396 6.

354 2409 430 2443 Pro
460 2407 582 2442 tutela
607 2410 686 2443 Erl.
716 2423 746 2444 2.
781 2410 942 2444 cautela.
989 2410 1171 2446 Horatius
1200 2410 1240 2443 in
1267 2412 1322 2443 II.
1351 2410 1462 2442 Serm.
1496 2408 1573 2443 Sat.
1594 2408 1660 2442 IV.

355 2465 409 2489 VS.
428 2466 486 2500 90.
538 2455 630 2489 Mox
660 2456 768 2508 hujus
797 2456 955 2491 nominis
983 2454 1192 2488 secundum
1214 2454 1372 2489 Codices
1399 2465 1506 2490 meos
1528 2453 1664 2499 scripsi

348 2511 426 2547 pro
455 2501 536 2544 ejus
571 2501 739 2535 nominis.
795 2501 990 2553 Profluvia
1009 2499 1105 2545 fide.
1166 2501 1248 2535 MS.
1283 2499 1384 2546 Lips
1405 2512 1437 2535 2.
1460 2500 1664 2546 profluida.

355 2548 469 2580 Itane
486 2551 542 2578 est
558 2548 720 2580 madida.
770 2547 853 2580 MS.
874 2545 975 2592 Lips.
1001 2559 1031 2580 2.
1054 2547 1094 2580 in
1112 2547 1275 2582 madida.
1322 2546 1404 2580 MS.
1423 2545 1561 2581 Dresd.
1582 2555 1664 2579 ma-

357 2592 469 2626 :lidae
499 2594 703 2626 memoriae.
750 2593 849 2626 Ante
867 2591 927 2626 hic
953 2592 1048 2626 celer
1077 2591 1201 2626 delevi
1221 2598 1269 2626 et.
1320 2593 1393 2626 Pro
1422 2592 1662 2626 inveniantur

356 2636 510 2671 restitui
540 2647 563 2670 e
591 2639 701 2673 MSS
731 2638 981 2672 inveniuntur.
1037 2637 1089 2672 V
1075 2650 1142 2683 1rg
1163 2639 1202 2670 in
1223 2640 1317 2672 ΧΙΙ.
1355 2638 1504 2672 Falsum
1531 2645 1663 2670 nume-

358 2693 445 2718 rum
471 2684 520 2725 X,
552 2694 667 2727 quem
693 2683 872 2718 Putschio
904 2695 1056 2730 quoque
1094 2683 1280 2727 placuisse
1307 2682 1396 2718 satis
1426 2681 1558 2719 mirari
1583 2691 1661 2715 non

358 2727 496 2775 possis,
531 2729 730 2766 emendavi
748 2741 770 2764 e
791 2729 909 2765 Codd.
957 2730 1027 2764 Est
1042 2740 1172 2764 versus
1191 2739 1271 2775 534.
1694 2744 1697 2745 ⁷
