1748 3112
203 1448 246 1474 22

262 240 349 288 488
713 242 922 284 LIB.-X.
962 239 1121 283 :CAR
1150 244 1230 286 IV.

266 355 404 400 etia'm
424 363 427 367 “
446 354 697 412 expergitus
741 355 961 403 (licebant.
1039 354 1241 399 Lucilius
1269 354 1319 399 in
1348 354 1420 401 111.
1451 359 1498 399 E
1516 370 1660 400 comm

268 471 465 513 cundum
497 469 741 527 analogiam
783 471 972 527 protulit
1012 469 1061 512 in
1095 469 1297 513 Umbris:
1340 474 1460 513 Mihi
1491 473 1669 513 sordida

1740 133 1748 177 ξ

1734 292 1748 317 αι’

1741 369 1748 405 ἐ

261 430 531 470 pueros-‘cum
560 429 682 454 mane
708 418 947 469 expergitus
977 416 1151 454 clamas.
1214 413 1437 457 Caecilius
1471 429 1578 456 vero
1601 430 1666 458 sc·
1691 423 1693 425 ’
1734 423 1748 466 s]

267 531 496 568 dormitum
511 529 684 578 suadet,
718 539 765 568 ut
782 544 874 568 eam
896 533 1069 583 quisque
1092 530 1348 578 moechetur,
1342 545 1350 553 ·
1380 539 1419 570 et
1441 533 1480 570 εἰ
1501 544 1574 583 ego
1594 530 1669 569 ob-
1735 532 1748 581 ξ

268 587 513 633 dormivero,
545 595 633 625 tate
653 586 776 635 idem,
809 587 880 626 ubi
905 590 986 626 eri-9
1005 595 1277 639 experrectus.
1339 585 1586 628 Nanciscor
1608 597 1681 627 elz-¹

268 641 359 683 iam
384 652 565 682 nactum
586 639 694 683 facit
714 644 880 708 absque
900 657 944 691 n.
975 654 1026 683 ut
1045 644 1192 684 Probo
1217 652 1259 682 et
1282 644 1424 698 Capro
1446 653 1490 685 et
1509 642 1672 685 Pollio-

267 697 317 740 ni
354 709 398 739 et
416 697 568 741 Plinio
601 699 755 754 placet.
815 699 939 742 Sicut
968 710 1012 741 et
1033 713 1201 765 pangor
1219 711 1426 754 pactum,
1461 711 1505 742 et
1528 698 1673 756 fingor

270 755 442 802 fictum,
477 766 521 796 et
550 763 707 812 tangor
728 767 912 798 tactum.
973 758 1210 797 Sciendum
1243 767 1405 803 tamen,
1428 757 1549 821 quod
1568 766 1674 797 sunt

267 814 414 860 verba,
430 826 542 879 quae
566 824 742 854 servant
765 829 794 854 n
816 812 864 854 in
888 811 1138 870 participiis
1160 811 1404 868 praeteriti,
1418 813 1512 854 sive
1532 812 1580 854 in
1600 826 1670 854 su-

269 868 390 925 pinis
404 899 416 918 ,
446 879 498 909 ut
518 872 679 924 jungor
696 875 898 923 junctus,
932 883 1110 933 pungor
1130 880 1353 924 punctus,
1384 870 1557 934 fungor
1570 870 1676 910 fun-

270 936 391 973 ctus,
444 940 661 982 emungor
691 938 953 974 emunCtU8‚
997 937 1202 983 extlngol'
1233 925 1480 978 extinctus,
1525 937 1677 982 ungor
1734 931 1738 945 ἶ

270 981 468 1032 tinctus,
499 984 688 1039 plangor
713 986 941 1041 planctus,
975 997 1132 1047 angor
1145 994 1316 1024 anctus.
1378 983 1505 1038 Quae
1523 993 1675 1024 autem

270 1051 450 1081 servant
469 1055 522 1088 n,
551 1041 621 1082 vel
654 1056 766 1097 quae
794 1055 909 1087 non.
943 1041 996 1081 de
1018 1038 1256 1096 participio
1292 1049 1528 1081 tractatum
1548 1052 1676 1103 repe-

269 1094 370 1138 ries.
433 1098 569 1152 Quod
601 1109 752 1140 autem
789 1095 1030 1161 corripitur
1050 1095 1422 1161 antepenultima,
1460 1094 1675 1160 paciscor,

271 1163 317 1193 et
339 1153 612 1202 nanciscor,
623 1166 666 1195 et
687 1153 955 1221 proficiscor,
986 1164 1031 1195 et
1052 1152 1348 1218 expergiscor,
1381 1167 1434 1194 ex
1454 1150 1688 1217 composi:
1745 1202 1748 1205 Δ

270 1207 329 1250 tis
354 1210 448 1250 sive
475 1209 728 1266 primitivis
763 1225 918 1252 eorum
943 1221 1089 1266 potest
1121 1208 1337 1274 dignosci.
1397 1208 1608 1251 Paciscor
1633 1219 1678 1250 et

273 1266 547 1330 depeciscor‚
574 1267 839 1324 proficiscor
862 1282 885 1307 a
908 1267 1042 1315 facio,
1075 1266 1355 1331 expergiscor
1376 1278 1399 1307 a
1420 1279 1559 1331 pergo
1582 1280 1678 1321 per·

272 1322 355 1388 gis,
390 1323 627 1365 nanciscor
648 1339 752 1367 vero
774 1340 798 1366 a
820 1323 982 1365 nancio
1009 1334 1087 1371 est,
1119 1322 1272 1378 quod
1260 1338 1308 1363 ln
1331 1337 1415 1364 usu
1440 1321 1528 1364 fuit
1549 1333 1679 1364 vetu-

276 1377 499 1423 stissimis.
559 1383 784 1424 Gracchus
815 1395 895 1436 pro
925 1395 993 1423 se.
1028 1382 1081 1420 Sa·
1104 1384 1310 1419 nunciam
1339 1381 1487 1436 populi
1514 1380 1679 1420 deside-

271 1440 409 1501 riam,
442 1439 657 1491 comprobo
687 1439 939 1491 reipublicae
967 1437 1195 1476 commoda.
1255 1435 1350 1476 Alia
1383 1449 1491 1477 vero
1512 1437 1681 1500 absque

272 1507 299 1535 c
328 1488 394 1533 in
412 1504 510 1535 tum
542 1493 714 1535 faciunt
745 1495 927 1550 supina,
975 1503 1028 1534 ut
1059 1491 1224 1534 irascor
1254 1492 1441 1540 iratum,
1477 1490 1680 1534 ulciscor

271 1550 446 1598 ultum,
489 1565 646 1592 nascor
679 1562 863 1603 natum,
904 1549 1142 1590 obliviscor
1174 1548 1385 1594 oblitum.
1444 1547 1684 1613 Excipitur

273 1606 512 1648 defetiscor
555 1608 777 1648 defessum
817 1586 981 1648 faciens
1013 1605 1253 1670 supinum,
1315 1617 1359 1646 et
1391 1603 1682 1671 participium

272 1662 506 1720 praeteriti
539 1664 757 1712 defessus,
804 1675 856 1704 ut
880 1662 1123 1704 Terentius
1157 1663 1205 1702 in
1226 1661 1461 1726 Adelphis.
1505 1663 1683 1719 ·Defes-

275 1736 350 1761 sus
380 1736 473 1760 sam
500 1722 767 1760 ambulando.
828 1720 950 1761 Idem
983 1718 1032 1760 in
1059 1717 1353 1765 Phormione:
1393 1721 1537 1773 Neque
1568 1719 1680 1772 defe-

276 1781 414 1817 tiscar
445 1794 574 1831 usque
605 1779 708 1818 adeo
739 1781 971 1831 experirier.
1031 1778 1145 1818 Nam
1173 1777 1226 1817 ab
1261 1789 1313 1817 eo
1337 1777 1457 1832 quod
1482 1786 1548 1818 est
1565 1773 1683 1827 defi-3

310 1941 492 1976 Lucilius
512 1942 560 1975 in*
571 1943 648 1977 III
667 1943 702 1975 Ε
718 1953 854 1975 somno.
902 1940 1047 1974 Vitiose
1063 1939 1278 1981 Putschius‚
1305 1939 1439 1973 Colon.
1461 1943 1500 1972 et
1518 1938 1602 1973 Bas.
1623 1949 1685 1973 se·

371 1993 493 2029 cutus,
524 1986 644 2020 edidit
674 1993 711 2019 et
741 1998 877 2021 somno.
925 1987 1135 2030 Receptam
1164 1985 1368 2019 lectionem
1388 1990 1548 2018 tuentur
1569 1985 1679 2019 MSS.

370 2032 474 2086 Lips.
494 2045 528 2067 2.
549 2031 627 2070 Erl.
652 2045 682 2066 ι.
704 2045 735 2066 2.
756 2031 894 2065 Dresd.
916 2031 1091 2066 Heidelb.
1114 2037 1154 2065 et
1174 2030 1377 2065 Lutherius
1397 2030 1527 2074 etiam,
1553 2042 1684 2076 quam-

369 2077 427 2114 vis
450 2079 513 2113 hic
533 2078 662 2121 hahet,
689 2091 707 2112 e
729 2087 829 2111 sono.

326 2137 509 2171 Caecilius
533 2138 572 2170 in
597 2135 752 2170 Umbris.
799 2136 920 2169 Recte
940 2135 994 2168 sic
1013 2134 1482 2180 Putschius.Perpe1-am
1500 2135 1586 2168 Bas.
1602 2135 1686 2168 Co·-

304 2189 309 2194 “
326 2193 328 2195 ’
372 2182 454 2217 lon.·
479 2182 625 2217 Caelius
645 2183 684 2215 in
703 2181 892 2215 imbribus.
942 2182 1023 2214 Nec
1052 2180 1256 2226 genuinam
1272 2181 1482 2215 lectionem
1498 2180 1684 2214 deficiunt

377 2229 564 2264 Codicum
584 2227 840 2270 auctoritates,
872 2227 976 2269 velut
996 2227 1130 2261 Zwicc.
1155 2239 1185 2261 2.
1208 2227 1287 2261 Erl.
1311 2240 1343 2262 2.
1363 2226 1501 2262 D‘resd.
1524 2226 1625 2272 Lips.
1651 2238 1682 2260 1.

374 2275 450 2308 Alii
469 2274 608 2309 imbris.
657 2285 680 2306 u
701 2279 739 2307 et
758 2275 772 2306 i
794 2285 886 2307 sono
906 2285 983 2307 non
1001 2274 1165 2307 multum
1185 2272 1336 2308 distant.

329 2332 420 2366 mihi
433 2333 588 2366 sordida
607 2332 740 2365 suadet
762 2331 964 2372 dormitum,
989 2335 1031 2363 ut
1050 2342 1130 2364 eam
1149 2332 1298 2383 quisque
1319 2331 1536 2365 moechetur.
1575 2330 1686 2365 Hanc

373 2378 584 2412 lectionem
603 2377 685 2410 sine
703 2378 781 2411 ulla
808 2375 1019 2410 mutatione
1038 2376 1166 2421 recepi
1187 2388 1208 2410 e
1227 2376 1319 2410 Cod.
1340 2376 1443 2422 Lips.
1465 2389 1494 2410 1.
1545 2376 1684 2422 Vulgo,

375 2425 524 2458 sordido
544 2443 591 2448 ——
608 2423 812 2469 quisquam,
835 2422 973 2456 omissa
994 2433 1086 2455 voce
1108 2422 1323 2456 moechetur.
1371 2422 1504 2457 Plures
1524 2422 1686 2456 Codices
1743 2438 1747 2441 ¹

307 2486 313 2492 ·
375 2463 479 2504 sordi
495 2469 557 2504 vel
576 2470 694 2503 sardo.
742 2470 814 2502 Pro
833 2468 935 2512 vulg.
955 2467 1177 2501 obdormiero
1195 2478 1216 2501 e
1237 2467 1354 2502 Codd.
1377 2468 1532 2513 reposui
1550 2468 1686 2502 obdor-

376 2517 526 2550 mioero.
590 2516 664 2548 Pro
701 2515 855 2568 vulgato
895 2514 947 2547 ihi
986 2513 1682 2549 e·Godd.Heide1b.Dresd.Luth.

327 2576 331 2581 ·
377 2562 488 2609 ΕἱΡε..
507 2563 540 2597 2.
564 2561 725 2607 aliisque
752 2560 904 2595 restitui
926 2560 999 2595 uhi.
1085 2583 1092 2587 ,

332 2621 368 2667 §.
393 2633 449 2655 22.
477 2618 684 2665 defetiscar.
734 2620 794 2652 Ita
813 2617 969 2664 plurimi
986 2617 1104 2652 Codd.
1126 2618 1228 2653 inter
1248 2629 1340 2664 quos
1358 2617 1535 2652 Heidelh.
1556 2616 1636 2652 Erl.
1648 2629 1684 2652 2.

382 2666 505 2712 Vulgo
528 2663 741 2710 defeciscor.

302 2712 534 2748 Terentius
554 2713 595 2745 in
611 2710 805 2756 Adelphis.
833 2713 898 2751 IV,
919 2711 953 2754 6,
979 2718 1032 2744 ιι.
1082 2712 1185 2746 Idem
1205 2712 1245 2747 in
1264 2707 1681 2747 Phorm.Act.1v.sc.

385 2771 416 2793 ι.
433 2770 487 2793 vs.
509 2769 565 2803 23.
619 2758 726 2805 Virg.·
745 2760 838 2795 inI.
861 2760 956 2794 Aen.
977 2769 1029 2793 vs
1052 2769 1131 2793 201.
