1748 3112
277 252 361 297 266
581 251 714 296 LIB.
745 252 827 295 v1.
888 251 1026 297 GAP.
1056 253 1190 297 x111.
1221 254 1352 298 XIV.

277 367 427 417 Mino,
458 363 595 432 gobio
626 379 808 422 quoque
838 364 997 409 dicunt
1015 381 1098 423 pro
1120 366 1284 425 γώβιος,
1308 370 1541 422 εὔξεαι-ἀι
1595 373 1672 429 Et,

281 426 400 482 quod
420 421 670 466 mtrabilius
688 433 770 472 est,
788 423 1129 475 AthosAthonis
1150 425 1338 481 protulit
1348 424 1506 473 Cicero
1527 425 1576 469 in
1595 430 1668 472 lv,

277 485 332 524 de
352 482 532 537 repub.:
573 481 689 533 Quid
702 495 799 535 ergo
823 482 902 520 illa
923 482 1008 521 sibi
1028 485 1119 522 vult
1140 484 1330 523 absurda
1352 488 1552 537 exceptio,
1582 488 1669 525 nini

277 543 318 580 si
350 543 445 593 qais
475 539 687 578 Athonem
712 553 790 591 pro
832 549 1092 579 monumento
1127 542 1217 579 vult
1245 541 1461 593 funditus*
1493 542 1670 596 qfferri?

279 598 386 649 Quis·
416 598 527 635 enim
558 603 620 635 est
638 595 794 643 Athos,
826 605 906 635 aut
940 597 1140 650 Obympue
1163 599 1340 638 tantus?
1396 599 1480 640 Sed
1507 596 1664 640 hocin

275 668 328 695 ua
351 664 597 708 correptam
622 651 786 693 dehinc
809 650 944 694 attice
962 653 1185 709 prolatum
1206 665 1293 702 est,
1327 655 1553 711 quomodo
1570 653 1666 698 'Av-

177 721 263 754 XIV
278 710 456 768 δρὸγεως
475 722 557 764 pro
576 706 833 765 Ἀνδρόγεος,
893 712 943 751 In
966 723 1018 751 ue
1038 721 1284 767 correptam
1312 710 1559 753 desinentia
1577 725 1669 753 mn-

208 780 248 813 71
277 767 450 809 sculina
460 764 631 813 Latina,
652 780 671 806 s
691 767 762 806 vel
785 777 803 806 t
819 768 890 807 vel
911 782 938 807 x
959 767 1336 816 antecedentibus,
1350 767 1388 808 ei
1410 769 1500 809 sint
1518 782 1670 810 rerum

275 821 625 878 incorporalium
650 824 890 871 vocabula,
923 834 1100 879 quartae
1123 835 1227 866 sunt
1250 823 1587 874 declinationis,
1619 835 1670 866 ut

274 880 350 922 hic
371 879 498 921 nisus
532 882 661 931 hujus
681 878 830 928 nisus,
862 880 934 921 hic
953 895 1081 923 casus
1111 884 1244 932 hujus
1269 896 1417 930 casus,
1450 880 1528 923 hic
1556 881 1667 922 situs

274 940 408 989 hujus
428 935 556 986 situs,
587 935 664 978 hic
683 935 858 991 positus
886 939 1014 990 hujus
1042 937 1230 993 positus,
1263 937 1341 980 hic
1361 949 1512 993 partus
1534 940 1667 990 hujus

273 1005 450 1050 partust,
510 994 712 1049 quamvis
746 996 854 1035 haec
883 994 1032 1050 partio
1065 997 1196 1047 hujus
1237 994 1454 1050 partionis
1492 993 1667 1051 antiqui

273 1049 512 1107 protulisse
540 1049 848 1091 inveniuntur.
908 1052 1090 1094 Plautus
1118 1050 1165 1092 in
1197 1051 1503 1094 Truculento:
1549 1055 1668 1099 Hor-

272 1122 386 1148 renco
406 1111 603 1148 miseram
621 1111 881 1155 mencionem,
910 1112 1102 1162 quotiens
1121 1111 1197 1159 fit,
1224 1112 1456 1162 partionis.
1496 1108 1586 1149 Hic
1603 1122 1668 1150 se·

232 1194 235 1196 »
270 1178 353 1206 xus
373 1165 500 1215 hujus
521 1179 662 1212 sexus,
694 1163 771 1204 hic
789 1165 918 1205 luxus
939 1167 1071 1216 hujus
1097 1166 1240 1207 luxus.
1300 1162 1515 1208 Similiter
1535 1179 1669 1221 quar-

269 1231 343 1262 tae
363 1231 482 1269 sunt,
511 1235 624 1276 quae
644 1234 791 1262 rerum
811 1221 1042 1262 vocabulis
1060 1224 1334 1276 homonyma
1353 1221 1667 1273 inveniuntur,

270 1287 326 1319 ut
345 1276 419 1320 hic
433 1276 728 1334 magistratuS,
749 1276 776 1331 ἡ
798 1276 899 1333 ἀρχὴ
921 1281 991 1321 καὶ
1012 1276 1033 1322 ὁ
1055 1278 1201 1335 ἅρχων,
1215 1282 1346 1330 hujus
1364 1276 1664 1335 magistratus,

271 1331 350 1376 hic
371 1332 565 1391 saltus,»›5
586 1333 762 1389 πήδησις
781 1337 849 1378 καὶ
869 1335 896 1388 ἦ
917 1334 1042 1390 νάπη,
1065 1337 1195 1386 hujus
1218 1336 1367 1382 saltus,
1400 1334 1474 1376 hic
1494 1347 1663 1382 versus,

273 1389 302 1444 ’ἡ
323 1391 482 1447 στροφὴ
494 1391 564 1436 καὶ
583 1389 604 1435 ὅ
626 1395 770 1446 στίχος,
795 1393 926 1444 hujus
946 1406 1112 1439 versus,
1125 1390 1199 1432 hic
1218 1391 1446 1441 exercitus,
1463 1389 1492 1444 ἦ
1512 1408 1663 1448 γυμνα-

205 1461 252 1499 72
275 1449 342 1490 σία
362 1450 431 1491 καὶ
452 1447 474 1491 ὁ
497 1447 675 1504 στρατὸς,
696 1449 827 1499 hujus
852 1448 1085 1490 exercitus.
1147 1451 1178 1491 F
1181 1459 1312 1495 astus,
1346 1449 1526 1503 quando
1547 1462 1569 1488 a
1594 1448 1665 1488 fa-

274 1503 413 1546 stidio
445 1515 510 1546 est
529 1507 688 1553 verbo,
721 1515 900 1560 quartae
933 1515 1018 1547 est:
1051 1507 1229 1560 quando
1264 1518 1367 1545 vero
1397 1517 1479 1560 pro
1501 1503 1661 1546 Annali

275 1559 511 1617 accipitur,
537 1576 561 1602 a
580 1560 705 1604 fastis
727 1571 770 1602 et
788 1561 968 1604 nefastis
989 1561 1145 1605 diebus
1165 1563 1229 1603 sic
1250 1561 1662 1619 dictumsfrequen-

323 1726 395 1760 Cic.
423 1726 462 1760 in
487 1728 556 1760 IV.
584 1728 627 1761 de
654 1730 750 1772 Rep.
795 1727 869 1760 Pro
897 1727 1050 1772 vulgato
1070 1727 1141 1760 ΙΙΙ.
1164 1726 1294 1771 recepi
1321 1737 1342 1760 e
1372 1723 1463 1760 Coil.
1484 1719 1659 1761 Heidelb'.

364 1784 612 1807 numerorum
628 1772 918 1818 diligentissimo
936 1775 999 1808 IV.
1019 1773 1172 1807 Deinde
1189 1772 1321 1818 scripsi
1341 1772 1416 1806 nisi
1434 1773 1469 1806 εἰ
1492 1774 1574 1818 quie
1589 1784 1660 1819 pro

364 1819 440 1852 nisi
467 1820 550 1864 quis
577 1818 804 1854 auctoritate
831 1820 940 1854 MSS.
962 1819 1074 1853 Luth.
1095 1818 1269 1852 Heidelb.
1292 1818 1392 1863 Lips.
1416 1830 1447 1851 1.
1466 1829 1501 1853 2.
1520 1819 1599 1853 Erl.
1628 1830 1660 1854 Ι.

364 1873 398 1899 2.
421 1865 555 1900 Zwicc.
575 1862 700 1911 efferri
719 1866 848 1910 recepi
865 1877 888 1899 e
910 1865 1027 1900 Codd.
1049 1864 1185 1899 Dresd.
1208 1864 1286 1898 Erl.
1303 1876 1333 1898 1.
1354 1864 1481 1909 vulgo,
1506 1864 1660 1909 efficere.

317 1923 352 1968 §.
372 1935 428 1969 71.
456 1924 560 1956 nisus
582 1943 630 1949 ——
653 1924 765 1957 nisus.
813 1923 958 1967 Vulgo,
990 1922 1093 1956 visus
1115 1941 1161 1947 —-
1184 1922 1299 1955 visus.
1345 1922 1424 1955 Nos
1453 1921 1572 1956 Codd.
1603 1934 1659 1957 se—

364 1969 444 2004 cuti
472 1980 610 2003 sumus.
660 1968 790 2002 Plaut.
807 1971 848 2003 in
882 1972 984 2003 Truc.
1018 1970 1100 2001 Act.
1123 1969 1152 2002 Ι.
1173 1968 1233 2001 Sc.
1258 1979 1289 2002 2.
1312 1978 1365 2001 vs.
1385 1979 1444 2014 91.
1492 1969 1660 2004 horresco

362 2015 531 2050 miseram
558 2017 786 2050 mentionem.
826 2016 994 2048 miseram
1011 2025 1081 2059 pro
1105 2013 1239 2047 misera
1265 2013 1379 2048 scribi
1398 2014 1531 2057 juhent
1549 2015 1657 2050 MSS.

363 2061 482 2115 luith
496 2061 672 2096 Heidelb.
693 2061 794 2106 LiPS.
819 2074 849 2095 1.
871 2074 902 2095 2.
924 2059 1057 2095 Zwicc.
1081 2072 1113 2094 1..
1132 2059 1209 2093 Erl.
1236 2071 1264 2094 1.
1285 2072 1317 2094 2.
1337 2059 1476 2096 Dresd.

317 2121 352 2166 §.
375 2132 431 2167 72.
455 2122 630 2154 Lucanus
660 2120 701 2152 in
731 2120 878 2153 decimo.
910 2130 963 2152 vs.
989 2124 1063 2164 178.
1114 2121 1248 2152 Horat.
1278 2118 1318 2151 in
1336 2120 1560 2154 111..c'arm.
1584 2118 1659 2153 Od.

365 2179 421 2220 ιζ.
442 2178 497 2200 vs.
516 2178 551 2211 4..
605 2167 721 2202 Varro
739 2166 779 2199 in
797 2165 1045 2210 Ephemeride.
1081 2165 1169 2217 quia
1188 2175 1210 2198 e
1230 2164 1324 2199 Cod.
1342 2164 1477 2198 Zwieo.
1503 2175 1532 2198 1.
1554 2174 1660 2199 rece-

364 2225 405 2258 pt
421 2224 490 2258 pro
510 2212 612 2257 vulg.
630 2213 706 2257 qui.
754 2211 918 2245 Thomas
943 2211 1165 2252 Reinesms,
1192 2211 1296 2250 cuius
1324 2216 1433 2245 notas
1459 2208 1659 2256 asima-gi-

363 2270 454 2292 nem
471 2258 540 2292 Ed.
560 2258 711 2292 Putsch.
735 2257 942 2302 adscriptas
963 2257 1165 2298 Mimans,
1204 2256 1272 2290 Vir
1288 2254 1516 2298 clarissimus
1540 2254 1660 2291 idem·

394 2316 442 2339 ue
460 2303 764 2346 humanissimus,
789 2315 875 2336 eum
892 2303 988 2336 illud
1014 2302 1229 2347 exemplum
1255 2303 1295 2336 in
1315 2300 1487 2336 biblioth.
1508 2301 1661 2342 scholae

367 2317 535 2385 gizensis
557 2356 792 2392 asservetur,
818 2361 884 2382 sua
903 2350 984 2394 ipse
1008 2360 1122 2382 manu
1142 2347 1361 2394 descripsit,
1385 2346 1555 2394 mihique
1572 2360 1661 2394 per-

300 2397 302 2399 ’
367 2396 484 2439 misit,
508 2395 716 2440 legendum
741 2395 889 2430 censuit
907 2396 1063 2428 correxit
1087 2405 1156 2439 pro
1170 2395 1352 2440 porrexit.
1399 2393 1587 2440 Equidem
1603 2401 1659 2429 te-

366 2453 474 2477 mere
505 2443 576 2487 (sit
600 2442 711 2476 venia
738 2441 900 2484 verbo!)
926 2440 1121 2474 sollicitari
1149 2440 1341 2485 vulgatam
1367 2451 1527 2482 censeo,
1574 2453 1659 2475 cum

318 2491 322 2494 “
367 2489 556 2532 omnium,
603 2494 790 2534 quotquot
816 2487 989 2521 manibus
1013 2486 1176 2529 versavi,
1220 2486 1403 2521 Codicum
1434 2487 1663 2522 auctoritate

367 2535 630 2579 confirmetur,
653 2535 886 2580 bonumque,
911 2534 942 2566 si
960 2544 1042 2567 rem
1060 2532 1267 2578 diligenter
1282 2532 1485 2578 expendas,
1508 2544 1659 2568 sensum

365 2581 514 2625 fundat.
561 2581 764 2626 Pon-igere
783 2580 886 2615 enim
903 2579 1092 2626 significat
1107 2579 1181 2613 hoe
1198 2579 1353 2625 quidem
1377 2579 1463 2614 loco
1482 2579 1660 2614 extende-

366 2639 424 2672 re,
464 2634 503 2663 et
520 2626 650 2673 fastos
673 2629 840 2673 porrexit
865 2626 968 2660 idem
995 2632 1064 2667 est,
1102 2625 1204 2671 quod
1227 2627 1315 2660 anni
1339 2625 1434 2659 fines
1456 2625 1659 2671 promovit,

368 2673 449 2709 dies
470 2674 627 2718 addidit,
650 2684 791 2715 annum
815 2673 1029 2718 longiorem
1047 2672 1150 2706 fecit.
1201 2674 1311 2706 Fasti
1335 2671 1438 2705 enim
1456 2682 1593 2706 annum
1610 2670 1659 2704 si-

348 2716 537 2766 xgnifioat.
586 2723 728 2766 Negari
744 2719 899 2765 quidem
916 2731 993 2753 non
1010 2725 1148 2764 potest,
1176 2717 1398 2752 Suetonium
1419 2718 1459 2751 in
1478 2717 1555 2751 vita
1572 2715 1662 2750 Julii

369 2768 528 2813 Cap.4o.
549 2767 622 2802 hac
638 2767 803 2802 formula
820 2777 931 2801 usum
947 2776 1046 2800 esse:
1066 2764 1195 2811 fastos
1213 2766 1390 2801 correxit,-
1414 2770 1452 2798 at
1469 2774 1561 2798 vero
1579 2764 1662 2796 Ma-
