1748 3112
297 214 375 258 182
735 220 858 260 LIB.
892 218 1140 262 V.'CAP.
1173 221 1249 262 lv.

224 338 270 362 2²
290 329 552 386 Capenatis,
580 331 776 388 proferre
796 333 1006 381 colebant,
1066 332 1158 375 Alia
1179 347 1283 375 vcro
1305 331 1455 377 omnia
1469 333 1518 376 in
1538 348 1584 377 ιο
1607 336 1679 377 de·

293 385 486 429 sinentia
513 387 753 430 foeminina
778 395 907 443 sunt,
946 401 997 431 ut
1026 388 1191 446 pietas,
1230 387 1451 447 probitas,
1473 390 1678 434 'anctori-

293 452 380 495 tae,
418 455 599 500 excepto
627 459 719 487 uno
749 446 955 502 proprio,
994 449 1225 489 Maecenas
1258 446 1538 491 Maecenatis.
1598 450 1679 491 Est

294 500 425 541 etiam
452 499 606 550 Lentis,
632 503 752 558 quod
785 503 1062 544 differentiae
1093 517 1218 544 causa
1241 503 1289 544 in
1317 503 1408 545 fine·
1434 503 1679 548 circumfle-

295 556 442 598 ctitur.
475 558 695 599 Iuvenalis
722 558 770 600 in
796 559 966 615 primo:
1004 561 1129 612 Quod
1157 570 1356 615 captator
1387 570 1499 602 emat
1518 563 1676 610 Lenaae,

294 614 475 654 Aurelia
510 617 678 656 vendat.
738 615 1032 657 Inveniuntur
1069 627 1218 658 tamen
1249 615 1332 658 alia
1362 630 1536 674 quoque
1569 631 1682 674 pro-

293 669 391 725 pria
414 669 460 711 in
483 670 670 713 formam
692 671 924 728 gentilium
944 673 1137 728 prolata,
1180 685 1232 715 ut
1252 673 1403 716 Antias
1423 673 1680 725 historicus,

297 736 341 766 et
360 728 682 782 monosyllaba,
724 743 769 770 as
789 729 920 779 assis,
960 743 1052 771 mae
1071 728 1228 779 maris,
1267 744 1340 771 vas
1370 729 1681 784 masculinum,

224 790 270 828 25
298 781 447 836 vadis,
497 795 728 838 neutrum,
774 784 901 829 vasis.
968 789 1025 827 Et
1064 787 1151 828 hoc
1192 787 1278 840 fas,
1329 787 1479 838 nefas,
1527 801 1683 843 nugas,

296 837 430 880 etiam
452 841 599 883 omnis
630 855 870 884 commune
891 841 1085 899 generis,
1129 857 1240 899 quae
1269 853 1373 884 sunt
1393 842 1683 885 indeclinabi-

291 895 365 938 lia.
425 898 588 939 Graeca
617 913 722 940 vero
751 908 839 940 tam
869 898 917 940 in
949 914 992 941 as
1023 913 1156 955 quam
1188 899 1236 941 in
1270 899 1372 942 alias
1395 913 1684 956 quascunque

292 953 478 1006 syllabas
513 953 799 997 terminantia
842 957 994 998 eadem
1035 967 1211 998 cervant
1241 970 1400 1014 genera
1437 956 1554 1013 apud
1584 970 1682 1010 noe,

293 1023 408 1065 quae
428 1011 592 1055 habent
612 1013 728 1068 apud
759 1014 949 1054 Graecos
963 1046 975 1066 ,
1015 1011 1053 1053 εἰ
1074 1014 1256 1055 eandem
1280 1022 1457 1054 servant
1478 1012 1681 1054 termina-

290 1065 461 1108 tionem
497 1066 630 1109 etiam
670 1070 784 1124 apud
818 1068 1022 1121 Latinos,
1067 1083 1200 1125 quam
1229 1069 1393 1110 habent
1425 1069 1539 1125 apud
1557 1067 1685 1120 jUoe.

291 1124 342 1164 In
382 1123 534 1165 multis
574 1123 696 1165 enim
738 1124 944 1166 videmus
979 1125 1328 1167 commutatione
1357 1123 1684 1167 terminationis

294 1193 454 1235 genera
495 1194 674 1236 quoque
708 1195 801 1222 esse
825 1195 1064 1234 conversa,
1103 1192 1155 1222 ut
1185 1179 1379 1238 ὁκρατήρ
1411 1182 1519 1223 haec
1541 1193 1683 1223 crate-

293 1249 364 1287 ra,
408 1234 595 1292 ὅχᾶρτης
633 1239 740 1279 haec
772 1240 944 1290 charta,
987 1236 1009 1282 ὁ
1039 1237 1166 1294 κηρὸς
1202 1241 1309 1280 haec
1339 1252 1461 1286 cera,
1505 1235 1684 1293 ὅᾶμφο-

293 1290 390 1347 ρεῦς
409 1294 518 1334 haec
543 1296 776 1349 amphora,
821 1293 844 1338 ὁ
861 1295 1030 1350 πανθὴρ
1052 1298 1162 1335 haec
1182 1297 1407 1346 panthera.
1469 1294 1685 1337 Horatius

292 1348 342 1388 in
364 1351 562 1391 secundo
589 1349 914 1405 Epistularum:
955 1354 1186 1391 Diversum
1208 1352 1394 1404 confusa
1412 1366 1546 1404 genu-3
1567 1367 1684 1405 pan-

294 1407 416 1446 thera
443 1409 627 1457 camelo,
678 1412 766 1447 sive
793 1409 962 1460 elephas
991 1409 1114 1447 albus
1155 1410 1277 1462 vulgi
1310 1417 1563 1448 converteret
1593 1423 1683 1466 orsa.

227 1463 345 1508 241n
373 1474 417 1503 es
450 1473 718 1518 correptam,
760 1462 794 1503 si
818 1463 905 1504 sint
935 1465 1050 1520 apud
1079 1466 1268 1506 Graecos
1292 1463 1571 1513 communia,
1613 1466 1684 1507 vel

291 1517 479 1561 mobilia
493 1551 504 1568 ‚
549 1534 665 1576 quae„
686 1519 753 1560 illi
774 1527 942 1576 τριγενῆ
964 1531 1138 1561 vocant.
1181 1523 1279 1562 Hoc
1305 1530 1455 1562 autem
1475 1520 1611 1562 etiam
1633 1535 1686 1562 ex

291 1573 388 1630 ipsa
425 1590 573 1617 rerum
608 1575 932 1633 significatione
962 1586 1110 1632 potest
1151 1575 1361 1632 cognosci
1399 1576 1447 1618 in
1479 1576 1685 1620 omnibus

292 1631 587 1687 appellativis,
622 1644 774 1673 utrum
800 1632 974 1688 possint
993 1648 1079 1674 nec
1098 1648 1171 1681 ne,
1206 1632 1558 1675 foemininorum
1578 1647 1684 1699 quo·

294 1701 381 1743 que
405 1702 500 1730 esse
528 1687 761 1737 adiectiva‚
793 1690 865 1730 vel
894 1689 1028 1731 etiam
1048 1700 1325 1735 neutrorum.
1385 1689 1572 1746 Quodsi
1593 1704 1686 1743 ipsa

294 1743 441 1800 exigat
475 1744 766 1802 significatio,
815 1745 862 1786 in
902 1760 946 1787 es
990 1745 1234 1787 desinentia
1269 1745 1525 1788 communia
1564 1758 1683 1794 sunt,

291 1810 344 1842 ut
363 1802 499 1842 hebes
530 1812 621 1843 tam
653 1803 706 1843 de
734 1817 1012 1858 marequam
1034 1803 1088 1843 de
1115 1802 1307 1843 foemina
1331 1800 1520 1856 ‹jiciturz
1551 1802 1685 1859 signi-

293 1855 395 1898 ficat
426 1857 549 1900 enim
577 1859 727 1901 tardus
758 1867 802 1901 et
837 1860 984 1910 tarda;
1025 1857 1151 1900 miles
1180 1872 1358 1916 quoque
1390 1857 1468 1900 hic
1503 1868 1549 1900 et
1575 1861 1687 1900 haec

381 2020 486 2066 Lips.
511 2034 539 2057 1.
563 2035 596 2058 2.
625 2022 703 2057 Erl.
727 2034 757 2057 2.
786 2021 881 2056 Edd.
904 2023 998 2056 Ven.
1024 2034 1053 2056 ι.
1072 2030 1106 2056 2.
1129 2022 1265 2054 anima.
1314 2021 1394 2056 MS.
1427 2020 1564 2056 Dresd.
1596 2022 1686 2055 am*-

383 2079 488 2103 mam.
525 2068 687 2102 amittat.
735 2068 836 2113 Lips.
857 2080 888 2103 2.
909 2068 1060 2101 amittit.
1107 2066 1202 2101 Edd.
1226 2068 1318 2101 Ven.
1343 2079 1373 2101 1.
1397 2079 1428 2102 2.
1448 2067 1638 2102 :chainan

336 2113 372 2157 §-
395 2125 450 2148 22.
475 2117 608 2149 Iuven.
628 2115 669 2148 in
682 2117 816 2160 primo.
865 2115 933 2148 Est
949 2114 1024 2147 Sat.
1043 2114 1087 2147 V.
1109 2125 1162 2147 vs.
1183 2118 1240 2159 98.

335 2170 407 2194 vas
424 2159 678 2203 masculinum,
702 2161 833 2199 vadis,·
857 2166 1035 2201 neutrum,
1054 2160 1171 2193 vasis.
1205 2160 1304 2193 Ante
1321 2165 1488 2193 neutrum
1503 2158 1600 2194 Edd.
1618 2158 1684 2194 ln·

381 2205 476 2239 hent
496 2217 576 2246 vas,
601 2206 702 2252 quod
722 2205 840 2240 Codd.
861 2205 1089 2240 auctoritate
1108 2204 1229 2238 omisi.

336 2250 374 2294 §.
392 2262 448 2295 23.
474 2253 656 2285 Horatius
675 2252 715 2284 in
733 2253 890 2285 secundo
908 2251 1028 2295 Epist.
1049 2251 1080 2284 1.
1101 2261 1154 2283 vs.
1172 2260 1246 2295 ²95·
1273 2251 1364 2284 Hoc·
1375 2249 1463 2284 loco
1481 2255 1560 2283 tres
1578 2260 1685 2284 meo-

381 2307 481 2339 rum,
505 2295 611 2342 iique
625 2296 822 2330 veterrimi
839 2301 877 2330 et
895 2294 1043 2341 optimi,
1068 2294 1200 2329 Zwicc.
1218 2308 1247 2329 1.
1267 2295 1378 2330 Luth.
1398 2294 1572 2330 Heidelh.
1595 2307 1684 2329 con-

383 2343 548 2383 verterit,
574 2342 676 2387 quod
693 2348 733 2376 et
742 2342 939 2384 Bentlejus
955 2341 996 2375 in
1015 2341 1209 2375 Prisciano
1223 2341 1437 2385 Cantabrig.
1455 2351 1570 2375 manu
1591 2341 1686 2375 scri—

381 2394 450 2434 pto
473 2398 515 2422 se
531 2387 720 2422 invenisse
738 2394 920 2430 testatur,
945 2387 986 2420 in
1003 2393 1150 2421 textum
1170 2386 1327 2433 recepit.
1378 2387 1503 2421 Etiam
1528 2385 1683 2430 Dresd„

382 2439 587 2479 antequam
614 2434 836 2468 emendatus
866 2439 988 2476 esset,
1011 2432 1261 2478 praeteritum
1286 2432 1501 2479 perfectum
1522 2444 1592 2479 pro
1612 2432 1684 2468 im-

380 2479 558 2526 perfecto
580 2480 792 2514 exhibebat.

337 2538 372 2584 §-
394 2549 449 2583 24.
478 2537 584 2573 Ouid.
613 2539 652 2572 in
678 2539 835 2572 secundo
861 2540 1011 2572 Metam.
1037 2549 1090 2571 vs.
1119 2546 1200 2580 415.
1236 2535 1341 2570 nulla
1363 2537 1535 2581 potentia
1561 2535 1683 2582 longa.

382 2585 444 2619 Ita
462 2582 564 2626 edidi
581 2594 603 2617 e
622 2585 730 2619 MSS.
746 2584 877 2618 Zwicc.
894 2596 924 2618 2.
937 2582 1075 2618 Dresd.
1100 2583 1219 2617 Multi
1235 2582 1323 2616 libri
1342 2582 1415 2616 scri
1443 2581 1473 2615 ti
1493 2587 1532 2616 et
1550 2593 1683 2616 omnes

381 2629 469 2664 fere
494 2629 610 2674 editi‘,
642 2636 797 2676 practer
821 2631 913 2664 Ven.
939 2641 968 2664 1.
990 2642 1021 2664 2.
1050 2635 1136 2675 post
1158 2630 1331 2674 potentia
1359 2627 1404 2661 ad
1432 2633 1500 2661 unt
1518 2625 1681 2671 formae.

383 2677 523 2718 Parum
540 2676 672 2719 abest,¹
686 2676 780 2722 quin
800 2688 823 2711 a
841 2675 1033 2711 Prisciano
1061 2675 1115 2709 sic
1134 2675 1316 2720 scriptum
1341 2685 1424 2708 esse
1442 2671 1680 2714 contendam,

383 2722 481 2755 falso
503 2721 677 2768 quidem,
702 2723 738 2758 si
764 2734 847 2758 rem
876 2733 919 2756 ex
948 2727 1127 2756 contextu
1151 2720 1278 2755 Ovidii
1308 2719 1512 2763 dijudices,
1545 2724 1584 2752 at
1602 2718 1682 2752 Pri--
