1748 3112
1703 0 1748 120 ‘l

331 265 411 310 582
750 234 878 308 mn.
908 268 1031 308 xxv.
1093 264 1232 311 car.
1266 270 1300 310 1.
1740 208 1748 250 ³

362 390 614 436 raepostere
643 390 900 435 ponuntur,
951 378 1128 435 poetica
1158 383 1422 437 plerumque
1451 383 1748 430 auctoritate-i

332 393 449 481 {lam
482 433 580 477 sine
614 435 769 478 metris
795 434 1037 479 scribentes
1074 437 1291 481 rarissime
1316 440 1401 480 hoc
1429 438 1634 483 invenies
1671 441 1748 482 fat-1

336 506 448 542 cere,
481 490 572 534 nisi
594 489 644 534 in
671 507 789 542 cum,
823 507 934 550 quae
955 495 1067 536 solet
1101 494 1367 550 quibusdam
1388 496 1748 552 pronominibus.

290 569 310 595 ς
338 552 456 607 apud
486 563 643 591 omnes
674 548 885 596 similiter
912 551 1141 610 postponi.
1201 554 1391 608 Quando
1422 564 1571 596 autem
1606 552 1748 598 ordi-

333 622 438 649 nem
473 617 673 655 mutant‚
706 617 879 648 mutant
911 606 1046 649 etiam
1076 621 1336 660 accentum,
1365 607 1452 651 nisi
1485 609 1734 653 differentia

333 662 576 724 prohibeat.
609 664 744 719 Quod
765 662 899 706 etiam
921 665 1262 716 conjunctiones
1285 667 1401 722 apud
1417 667 1594 710 Latinos
1614 682 1734 724 prae·

333 718 557 779 positivae
578 721 648 760 vel
675 734 952 768 communes,
986 720 1022 762 si
1044 734 1381 779 postponantur,
1412 724 1555 765 facere
1575 726 1736 777 solent,

335 789 386 822 ut
410 775 564 835 igitur,
598 776 829 834 quoniam,
860 779 1031 820 saltem.
1073 779 1374 837 'Praepositae
1406 779 1531 823 enim
1551 795 1735 839 gravan-

335 845 410 876 tur
455 833 664 875 omnibus
698 833 899 888 syllabis,
948 835 1224 901 postpositae
1256 847 1402 878 autem
1437 849 1659 880 acuuntur
1688 838 1736 879 in

335 889 579 949 principio.
631 893 717 933 Sed
737 893 822 934 hoc
845 891 1031 934 interest
1055 904 1171 934 inter
1190 893 1542 950 praepositiones
1561 906 1606 937 et
1629 909 1735 937 con·

334 947 602 1001 junctiones,
637 950 759 1004 quod
788 949 1130 1002 conjunctiones
1152 949 1484 1006 praepositivae
1504 965 1738 1008 nunquam

334 1003 550 1062 componi
582 1017 783 1060 possunt,
816 1006 902 1047 nisi
934 1021 1036 1048 cum
1067 1005 1413 1050 declinabilibus
1446 1007 1654 1061 infinitis,
1685 1020 1737 1051 ut

335 1060 478 1116 siqua,
512 1076 671 1118 nequa.
734 1063 1095 1119 praepositiones
1129 1079 1249 1112 vero,
1284 1063 1491 1120 quamvis
1512 1064 1561 1106 in
1584 1066 1737 1108 transi·

336 1116 463 1160 tione
485 1130 710 1174 ponantur
732 1134 1020 1175 personarum
1047 1131 1281 1178 separatae,
1315 1120 1363 1163 id
1385 1133 1450 1166 est
1470 1137 1550 1179 per
1562 1121 1742 1180 apposi-

338 1173 512 1218 tionem
536 1177 755 1241 prolatae,
786 1191 877 1218 non
903 1180 1188 1234 conjungunt
1210 1178 1318 1221 duas
1343 1177 1610 1220 substantias
1635 1193 1740 1223 cum

337 1245 429 1273 uno
464 1231 719 1281 accidente,
768 1235 889 1291 quod
921 1245 987 1275 est
1014 1232 1248 1290 proprium
1285 1232 1644 1288 conjunctionis,
1690 1247 1743 1280 ut

336 1302 420 1345 ego
443 1299 487 1330 et
516 1299 565 1330 tu
586 1289 799 1339 facimus,
831 1293 967 1334 homo
987 1302 1031 1332 et
1054 1302 1204 1334 taurus
1228 1303 1379 1345 arant3
1417 1293 1485 1334 vel
1509 1293 1597 1334 duo
1618 1292 1743 1336 acci-

336 1344 489 1387 dentia
521 1355 623 1388 cu'm
654 1363 743 1389 una
784 1346 1056 1394 substantia,
1106 1360 1154 1389 ut
1185 1348 1342 1391 scribit
1376 1360 1419 1391 et
1449 1350 1490 1391 le
1523 1348 1560 1390 it
1590 1348 1742 1401 homo.

336 1403 407 1443 vel
429 1401 573 1445 iustus
596 1414 641 1446 et
670 1404 799 1448 fortis
823 1407 973 1446 homo.
1035 1407 1091 1446 Et
1117 1415 1164 1446 ut
1185 1407 1271 1447 hoc
1300 1405 1447 1462 ipsum
1473 1421 1501 1463 p
1521 1404 1648 1448 anina
1668 1408 1742 1449 ab·

335 1459 523 1507 solvam,
555 1474 648 1502 non
671 1463 849 1517 copulat
870 1459 1140 1518 praepositio
1173 1463 1281 1503 duas
1303 1462 1496 1504 casuales
1517 1461 1744 1506 dictionesv

338 1516 409 1556 vel
435 1516 524 1558 duo
546 1518 757 1560 adverbia
792 1533 893 1559 cum
915 1532 1006 1558 uno
1029 1520 1178 1567 verbo,
1212 1529 1263 1559 ut
1285 1533 1366 1576 ego
1387 1530 1442 1567 et,
1457 1529 1504 1560 tu
1534 1517 1740 1572 facimus,

335 1571 497 1613 doctus
533 1586 575 1615 et
606 1575 781 1631 sapiens
806 1574 895 1616 fuit
915 1573 1095 1622 Cicero,
1132 1577 1243 1621 bene
1267 1587 1311 1617 ct
1342 1574 1576 1633 splendide
1596 1575 1742 1635 loqui-

337 1638 432 1677 tur;
472 1631 542 1671 vel
573 1631 664 1673 duo
695 1634 826 1674 verba
860 1645 964 1673 cum
994 1646 1086 1672 uno
1118 1631 1308 1680 casuali,
1355 1634 1428 1674 vel
1453 1645 1554 1674 ‘uno
1582 1634 1743 1676 adver-

291 1697 314 1734 5
340 1683 432 1733 bio,
465 1698 515 1729 ut
534 1688 666 1735 docet
687 1700 732 1730 et
752 1690 950 1738 docetur,
983 1700 1100 1730 recte
1124 1688 1279 1730 scribit
1305 1700 1348 1731 et
1365 1688 1487 1748 legit.
1536 1693 1595 1745 Et
1616 1704 1743 1748 prae·

335 1741 585 1801 positiones
621 1744 808 1803 quidem
835 1757 939 1789 ante
983 1747 1176 1788 casuales
1210 1757 1297 1788 tam
1330 1746 1379 1788 in
1409 1745 1744 1804 compositione

383 1897 564 1935 invenies,
612 1898 797 1935 Futurum
822 1911 893 1945 pro
925 1899 1163 1943 subjunctivo
1193 1899 1365 1933 invenias
1393 1903 1590 1944 praestant
1620 1899 1741 1935 Codd.

428 1942 543 1978 Luth.
567 1943 670 1990 Lips.
695 1957 724 1979 1.
747 1958 780 1980 2.
798 1957 831 1990 5.
863 1945 943 1981 Erl.
971 1958 1001 1980 1.
1026 1958 1056 1980 2.
1088 1944 1227 1980 Dresd.
1258 1944 1392 1979 Zwicc.
1418 1957 1447 1979 1.
1469 1956 1502 1979 α.
1533 1943 1629 1979 Edd.
1646 1946 1741 1981 Ven-

433 2001 461 2024 ι.
485 2002 517 2024 2.
568 1989 713 2036 Recepi
733 2002 826 2037 ergo
846 1992 906 2027 vel
929 1991 1072 2025 Codice
1087 1990 1263 2025 Heidelb.
1285 1989 1415 2025 invito.

379 2033 413 2080 S.
439 2047 469 2069 2.
498 2037 572 2070 Sed
591 2036 658 2070 hoc
677 2038 842 2071 interest.
894 2037 1049 2073 Omittit
1068 2037 1159 2071 cod.
1183 2035 1317 2070 Zwicc.
1341 2049 1372 2071 2.
1394 2037 1474 2070 hoc.

380 2094 658 2138 conjunctiones
680 2095 937 2139 praepositae.
986 2095 1110 2140 Vulgo
1135 2093 1425 2140 praepositivae.
1477 2094 1638 2130 Codices
1665 2095 1743 2133 mei

427 2151 560 2174 omnes
582 2142 778 2185 receptam
808 2141 1015 2176 lectionem
1040 2147 1209 2175 tuentur.
1261 2140 1351 2173 Post
1371 2140 1657 2177 declinabimus
1676 2142 1744 2177 ad·

430 2186 525 2220 dunt
560 2186 662 2235 pleri
719 2197 740 2220 e
769 2186 886 2222 Codd.
920 2188 990 2222 his.
1040 2189 1123 2222 MS.
1158 2186 1237 2220 Erl.
1267 2198 1299 2220 2.
1328 2191 1366 2219 st
1391 2186 1462 2220 his.
1514 2187 1655 2222 Omisit
1682 2189 1743 2223 hie

428 2232 508 2269 Erl.
535 2245 564 2268 ι.
615 2232 673 2266 Ad
699 2232 730 2266 it
745 2233 847 2278 LiPS.
872 2247 903 2268 2.
926 2241 1012 2280 post
1033 2239 1086 2274 ut,
1111 2235 1146 2267 si
1162 2233 1255 2278 quis.
1305 2231 1399 2266 Cod.
1419 2232 1596 2268 Heidelb.
1619 2240 1745 2269 totum

426 2277 557 2314 locum
575 2279 616 2313 in
634 2279 821 2324 margine,
843 2281 888 2314 ab
910 2280 1043 2314 eadem
1061 2286 1188 2313 tamen
1215 2288 1329 2318 manu
1348 2277 1545 2323 scriptum,
1575 2279 1742 2318 exhibet.

424 2325 616 2371 Equidem
631 2336 752 2371 prope
770 2327 917 2369 absum,
927 2333 969 2361 ut
987 2326 1117 2373 spuria
1133 2323 1298 2369 judicem
1318 2323 1446 2359 omnia
1463 2325 1555 2361 inde
1571 2336 1594 2360 a
1611 2326 1689 2361 nisi
1698 2343 1746 2356 -·

430 2382 566 2418 nequa.
1703 2391 1707 2394 »

382 2434 421 2464 ct
451 2428 543 2474 legit
571 2429 687 2464 homo.
736 2430 824 2466 Duo
850 2439 1027 2464 meorum
1048 2429 1166 2463 Codd.
1189 2428 1370 2463 omittunt
1392 2428 1506 2464 homo.
1556 2430 1651 2466 Mox
1668 2441 1741 2477 pro

434 2474 624 2508 absolvam
653 2474 747 2509 Cod.
770 2475 875 2521 Lips.
896 2488 927 2510 2.
947 2487 1139 2521 exponam.

382 2532 580 2583 splendide
600 2532 773 2578 loquitur.
825 2533 917 2568 God.
941 2533 1019 2568 Erl.
1047 2546 1075 2567 1.
1100 2533 1301 2580 loquimur„
1335 2534 1431 2569 Mox
1453 2538 1544 2568 ante
1570 2528 1645 2569 uiso
1672 2532 1744 2569 ad-

387 2581 390 2584 '
429 2578 554 2613 verbio
576 2579 761 2613 Codicum
776 2578 881 2623 jussu
913 2579 1025 2614 omisi
1043 2579 1115 2615 vel.

382 2626 425 2660 αἱ
444 2625 559 2661 docet.
609 2626 700 2660 Post
718 2632 759 2660 ut
781 2625 907 2661 delevi
927 2626 1154 2660 auctoritate
1174 2624 1266 2660 Cod.
1287 2624 1388 2671 Lips.
1416 2638 1448 2660 2.
1469 2625 1539 2660 vir.

384 2678 419 2728 5.
441 2694 473 2728 3.
501 2681 590 2717 aliis
611 2684 793 2728 partibus.
842 2683 958 2718 Addit
978 2682 1070 2718 Cod.
1092 2682 1230 2718 Dresd.
1261 2684 1427 2729 exceptis
1455 2681 1693 2728 supradietis.

385 2729 547 2774 undique
574 2735 736 2775 uterque·
787 2730 1021 2765 Gravissime
1058 2729 1132 2763 hoc
1158 2729 1245 2764 loco
1284 2727 1539 2774 objurgandus
1567 2732 1625 2762 est
1651 2726 1740 2761 Put-

430 2774 570 2818 schius‚
596 2774 699 2822 quod
728 2776 798 2812 Ed.
819 2778 904 2818 Bas.
925 2776 1075 2819 vitium,
1101 2775 1327 2822 typothetae
1358 2774 1459 2812 haud
1477 2772 1590 2814 dubie
1607 2783 1739 2821 more
