1748 3112
284 253 364 298 514
665 240 938 296 ⁴1⁴113.v¹1'.
998 244 1283 299 can-vit

281 367 358 413 hic
380 379 424 410 et
442 371 549 411 haec
569 378 614 410 et
633 369 720 409 hoc
742 381 925 425 anceps,
947 367 1011 410 'hi
1037 377 1082 411 ct
1099 370 1182 410 hae
1205 369 1355 412 felices
1380 379 1433 413 et·
1446 373 1555 417 haec
1576 372 1670 421 feli·

282 426 371 479 cia,
401 426 475 469 hic
503 437 548 467 et
574 427 682 466 haec
708 434 751 466 et
779 426 867 467 hoc
886 424 1014 474 felix.
1047 425 1095 467 hi
1124 436 1167 467 et
1189 428 1270 468 hae
1289 428 1459 471 veteres
1493 426 1538 471 et
1556 428 1669 477 haec

281 496 452 532 vetera,
485 482 563 524 hic
593 493 638 523 et
666 483 773 523 haec
803 492 847 524 et
878 484 966 524 hoc
989 494 1131 525 vetus.
1192 485 1315 540 Quae
1335 481 1474 541 igitur
1498 485 1547 528 in
1571 485 1667 544 ptiu-

270 541 357 585 ‘ra'li
380 553 567 582 numero
599 553 622 580 a
642 537 1002 581 terminationem
1032 554 1123 581 non
1145 539 1415 597 accipiunts
1438 557 1548 600 quse
1568 557 1667 600 pro·

276 598 370 656 pria
406 608 472 638 est
499 606 782 646 neutrorum,
831 596 1116 638 manifestum
1150 607 1237 646 est,
1285 597 1422 640 trium
1454 614 1668 658 generum

276 670 368 698 non
392 667 487 709 esse
509 651 787 700 communia.
823 654 900 694 sed
923 653 1160 696 masculini
1195 666 1239 696 et
1261 653 1528 707 foeminini,
1561 656 1668 714 figu-

275 723 366 755 rate
397 723 543 752 tamen
572 725 649 774 Ber
679 708 883 768 obliquos
909 711 1168 767 plerumque
1197 725 1346 759 casus,
1388 726 1486 754 raro
1517 709 1667 755 autem

273 785 354 837 per
373 766 705 824 nominativum
737 766 951 824 conjungi
981 765 1115 808 ctiam
1145 767 1337 814 neutris,
1380 779 1431 809 ut
1461 767 1666 826 Virgilius

274 841 323 868 m
343 826 560 868 IXNulla
582 823 670 863 dies
690 838 878 878 unquam
894 828 1065 864 memori
1085 839 1156 863 vos
1170 829 1317 864 eximet
1329 841 1442 866 aevo.
1470 829 1525 868 Et
1538 829 1665 868 Juve-

274 882 386 927 nalis
418 882 466 923 in
493 885 543 925 V.
567 877 731 922 Satira:
756 882 994 935 ''Titulique
1023 882 1174 934 cupido
1203 883 1375 922 haesuri
1401 886 1523 923 saxis
1554 886 1667 923 cine-

274 957 370 983 rum
401 937 659 979 custodibus.
721 935 935 993 Quamvis
975 938 1061 979 hoe
1093 948 1241 979 custos
1270 952 1394 987 raro,
1436 938 1524 981 nisi
1555 937 1666 996 figu-

273 1008 366 1042 rate
391 993 618 1042 invenies,
663 1003 705 1033 et
735 996 841 1035 haec
881 991 1341 1050 custodia‘pluralitet
1366 1009 1502 1037 nemo
1533 994 1663 1038 dicat.

272 1054 348 1099 Sic
371 1065 473 1110 ergo
499 1065 645 1106 neque
678 1052 787 1092 haec
816 1065 1042 1100 memora,
1083 1051 1153 1092 vel
1176 1062 1375 1102 auctora,
1405 1053 1475 1094 vel
1502 1065 1665 1117 paupe·

271 1126 340 1160 ta,
378 1107 641 1151 neutraliter
669 1118 778 1164 puto
812 1106 944 1149 facile
973 1106 1024 1150 in
1055 1121 1137 1148 usu
1169 1121 1295 1162 posse
1318 1107 1540 1156 inveniri,
1572 1107 1665 1157 sed,

269 1168 388 1210 sicut
411 1163 720 1221 supradictum
745 1175 832 1211 est,
866 1162 1057 1219 figurate.
1076 1173 1180 1205 sunt
1198 1164 1388 1219 prolata,
1415 1171 1477 1206 'et
1493 1166 1604 1207 haec
1622 1175 1666 1206 et

201 1238 249 1281 54
266 1223 358 1266 'alia
403 1219 596 1278 plurima
636 1219 898 1273 hujusmodi
935 1221 1051 1275 apud
1096 1231 1310 1262 auctores.
1369 1220 1668 1263 Inveniuntur

269 1291 418 1323 tamen
447 1279 689 1336 quaedam,
731 1290 844 1335 quae
903 1275 1078 1333 bliquos
1102 1290 1227 1318 casus
1246 1282 1507 1320 communes
1527 1276 1663 1336 possi-

264 1340 401 1384 dent,
456 1332 664 1392 quamvis
706 1332 888 1384 nomina
916 1333 1014 1374 ivus
1057 1346 1152 1376 non
1191 1333 1248 1374 sit
1289 1333 1569 1384 communis,
1610 1345 1664 1376 ut

267 1396 392 1452 plus,
434 1407 539 1434 cum
570 1390 628 1431 sit
661 1389 806 1432 neutri
830 1388 1139 1430 nominativus
1164 1390 1377 1434 duntaxat
1389 1395 1406 1439 ,'
1431 1390 1661 1448 genitivus

267 1454 360 1503 ejus
393 1446 648 1491 communis
676 1457 741 1488 est
760 1445 896 1487 trium
931 1454 1166 1503 generum,
1200 1460 1282 1488 nec
1302 1461 1394 1494 non
1418 1458 1462 1489 et
1485 1446 1661 1489 dativus

266 1518 311 1550 et
329 1504 563 1548 ablativus.
622 1504 750 1546 Unde
779 1502 965 1558 pluralia
997 1516 1177 1558 quoque
1199 1513 1288 1544 tam
1314 1502 1377 1544 in'·
1393 1510 1588 1561 es·quarn
1610 1503 1661 1544 in

267 1570 289 1606 a
308 1561 592 1614 invenimus5
629 1558 678 1602 hi
702 1572 745 1601 et
766 1560 846 1600 hae
876 1560 1020 1614 plures
1058 1566 1101 1600 ct
1120 1561 1228 1601 haec
1254 1560 1398 1616 pluria
1424 1560 1657 1617 velpluta‘,

265 1620 386 1662 uude
410 1617 711 1674 compositum
734 1614 995 1672 compluria.
1034 1617 1269 1658 Terentius
1292 1616 1340 1657 in
1363 1617 1657 1660 Phormione:

267 1679 412 1718 Multa
450 1677 693 1716 aduenienti
732 1688 867 1721 nova,
918 1681 966 1711 ut
987 1674 1075 1723 fit,
1126 1675 1370 1726 compluria.
1396 1691 1401 1693 ·
1429 1672 1659 1716 Ablativus

267 1747 449 1792 quoque
479 1743 569 1772 tam
600 1729 648 1772 in
683 1745 706 1771 e
740 1743 872 1787 quam
906 1730 953 1770 in
984 1729 998 1768 i
1032 1727 1275 1780 terminans
1299 1729 1557 1782 invenitur,
1576 1741 1658 1773 'ut-

265 1801 370 1848 pote
392 1786 649 1832 communis
680 1786 819 1829 trium
848 1785 1077 1843 generum.
1134 1789 1193 1827 Et
1212 1785 1491 1842 accusativus
1511 1789 1657 1844 plura·

262 1848 317 1889 lis
351 1857 440 1888 tam
477 1845 524 1886 in
562 1858 606 1885 es
641 1857 773 1899 quam
805 1842 853 1884 in
884 1842 936 1886 is.
996 1841 1210 1898 Virgilius
1236 1841 1285 1883 in
1305 1843 1468 1898 'primo
1497 1846 1657 1900 Georg-

269 1906 349 1946 δεμ
364 1905 509 1959 pluris
539 1903 657 1942 calor
699 1903 773 1941 ille
811 1903 908 1940 vias
940 1909 980 1938 et
1008 1913 1138 1945 caeca
1175 1899 1343 1939 relaxat
1380 1900 1655 1953 spiramenta.

262 1956 481 2002 Horatius
501 1959 548 1999 ln
574 1961 602 2000 Ι.
628 1956 948 2014 Epistularum:
994 1959 1176 1997 {stactus
1196 1965 1290 1996 uter
1314 1959 1460 2010 pluris
1481 1958 1653 2011 lepores,

265 2026 356 2058 uter
388 2016 532 2056 educet
560 2029 698 2068 apros.
758 2014 809 2056 In
840 2028 894 2053 ur
913 2023 1163 2068 correptam
1194 2010 1375 2062 Latina',
1407 2011 1655 2055 masculina

259 2084 309 2123 ,et
328 2070 586 2114 communia
616 2081 659 2112 et
686 2081 864 2118 neutra,
904 2068 980 2111 hic
1010 2079 1156 2110 turtur
1184 2070 1318 2120 hujus
1333 2068 1549 2122 turturis,
1578 2068 1655 2110 hic

265 2141 310 2172 et
338 2131 447 2172 haec
476 2142 615 2185 augur
643 2128 776 2180 hujus
804 2124 997 2182 auguris.
1059 2124 1272 2167 Horatius
1297 2124 1347 2165 in
1378 2127 1450 2167 111.
1480 2124 1653 2169 Carmi-

260 2201 402 2235 num:
434 2187 538 2228 Nisi
547 2182 681 2240 fallit
701 2199 863 2240 augur,
895 2197 1061 2222 annosa
1082 2185 1238 2222 cornix.
1292 2184 1392 2223 Hoc
1410 2181 1556 2224 Tibur
1571 2184 1649 2223 hu-

263 2246 332 2302 Jus
354 2241 551 2284 Tiburis.
610 2243 664 2286 In
685 2253 737 2283 ur
757 2240 1020 2299 productam
1039 2253 1179 2281 unum
1201 2237 1434 2281 invenitur
1455 2244 1654 2282 commu·

261 2461 268 2471 ι
307 2441 343 2487 §.
366 2451 422 2486 54.
450 2452 516 2474 nec
537 2450 608 2473 non
628 2443 664 2472 el
684 2438 845 2472 dativus.
881 2437 1009 2482 Adjeci
1030 2442 1066 2470 e!
1087 2447 1108 2470 e
1130 2434 1238 2469 MSS.
1260 2433 1394 2468 Zwicc.
1417 2432 1527 2476 Luth.
1545 2433 1648 2479 Lips.

356 2499 398 2522 2.·
443 2485 634 2521 Terentius
663 2485 703 2517 in
729 2484 874 2518 Phor-m.
910 2485 989 2517 Act.
1020 2483 1082 2516 IV.
1111 2482 1167 2515 Sc.
1191 2492 1224 2524 5.
1254 2492 1306 2514 vs.
1328 2480 1361 2513 6.
1416 2482 1517 2525 Virg.
1545 2481 1585 2513 in
1617 2480 1648 2515 I.

355 2526 484 2578 Gebrg.
502 2543 554 2565 vs.
566 2535 621 2575 89.
671 2532 803 2563 Horat.
824 2532 864 2564 in
888 2529 919 2562 I.
938 2530 1058 2575 Epist.
1076 2528 1153 2561 XV.
1175 2537 1228 2560 vs.
1243 2538 1295 2560 22.
1345 2528 1477 2560 Horat.
1500 2526 1540 2560 in
1566 2525 1649 2561 111.

320 2581 471 2632 220-“73'1‘
494 2590 546 2624 ¹7·
568 2588 620 2611 vs·
647 2588 699 2621 13.

248 2694 269 2714 3
307 2671 342 2718 5.
362 2680 418 2716 55.
445 2670 512 2703 Ιιοο
535 2667 665 2712 Geras,
689 2669 877 2714 proprium
905 2666 985 2700 loci.
1034 2666 1171 2718 Plures·
1193 2663 1374 2718 quices,
1398 2674 1481 2697 nec
1496 2662 1525 2696 ii
1545 2673 1647 2708 sper-

354 2715 494 2758 nendi,
518 2714 700 2749 omittunt
721 2714 910 2762 proprium
928 2713 1012 2748 loci.
1061 2712 1213 2748 Ovaedms
1235 2723 1275 2745 m
1301 2710 1356 2746 ΙΙ.
1375 2709 1648 2754 Metamorpho-

355 2774 453 2797 s‘eon.
476 2773 529 2797 vs.
548 2770 627 2805 415.
