1748 3112
295 253 382 299 584
730 256 856 299 LIB.
887 257 1021 301 XIV„
1062 255 1209 301 CAP.
1241 260 1273 300 1.

300 368 395 413 sint
417 366 677 417 derivativa,
711 368 850 427 magis
881 369 1088 412 adverbia
1121 382 1215 412 esse
1232 368 1446 412 videntur
1466 369 1698 428 praeposi-

301 423 418 475 tiva,
463 439 594 482 quam
628 425 996 483 praepositiones.
1055 430 1248 470 Possunt
1275 426 1397 468 enim
1423 428 1532 469 haec
1561 426 1699 470 etiam

302 481 402 525 sine
426 483 677 524 casualibus
707 482 855 525 verbis
886 483 1090 541 adjungi,
1122 495 1172 525 ut
1193 498 1274 540 ego
1297 483 1346 525 in
1378 496 1532 541 campo
1554 494 1700 533 curro,

298 550 353 582 tu
372 550 504 587 extra,
538 553 619 596 ego
653 555 785 596 supra
816 539 999 597 aspicio,
1029 552 1076 582 tu
1101 541 1239 582 infra:
1271 539 1337 583 sic
1357 539 1491 583 etiam
1520 539 1700 586 similia.

303 596 548 639 Sciendum
571 607 732 644 tamen,
758 599 879 654 quod
903 597 1054 640 omnia
1078 596 1300 645 adverbia,
1333 611 1444 664 quae
1460 599 1607 640 solent
1624 589 1701 640 oal-

233 670 236 675 ’
303 652 428 695 sibus
449 653 646 711 adjungi,
678 655 868 696 Romani
889 653 1054 697 artium
1077 653 1313 710 scriptores
1337 664 1455 697 inter
1474 653 1703 711 praeposi-
1738 699 1744 703 x

303 708 454 752 tiones
473 722 738 766 posuerunt,
771 710 877 768 quia
906 723 1013 754 sunt
1044 710 1340 778 praepositiva
1363 710 1624 760 casualium,
1658 723 1704 754 et
1743 737 1748 743 ·

304 778 546 824 gravantur
576 766 625 808 in
658 768 866 813 omnibus
901 770 1102 822 syllabist
1155 769 1226 808 vel
1257 768 1362 824 quia
1391 766 1703 825 interpretatio
1739 746 1748 817 l,

306 838 463 865 eorum
485 825 605 880 apud
626 826 815 868 Graecos
838 827 975 867 modo
998 823 1359 883 praepositionis.
1391 826 1702 868 modo-adver·
1737 822 1748 873 ς’

303 878 370 922 bii
393 879 490 922 vim
509 880 698 931 obtinet,
731 894 779 923 ut
803 889 912 926 Ante
933 898 1007 923 ora
1023 893 1220 937 patrum.-
1251 880 1326 924 hic
1346 892 1450 924 ante
1469 882 1516 927 τὸ
1532 882 1616 939 πρὸ
1636 881 1705 924 si·
1745 895 1748 915 1

306 935 513 994 gnificat,
547 940 667 994 quod
702 951 768 981 est
801 938 1075 997 praepositio
1119 942 1294 982 Graeca.
1352 940 1407 980 At
1436 952 1566 980 vero:
1596 946 1704 983 Ante
1746 985 1748 988 ,

306 997 411 1050 leues
435 1009 532 1050 ergo
559 1007 792 1049 pascentur
819 1002 866 1037 in
892 998 1053 1037 aethere
1080 998 1212 1037 cerui.-
1245 1006 1312 1038 et:
1339 1001 1449 1039 Ante
1472 1001 1704 1049 pererratis
1745 1040 1748 1043 ,

308 1052 527 1095 amborum
544 1055 711 1103 finibus
741 1058 857 1094 exul.-
889 1053 965 1095 hic
985 1065 1086 1096 ante
1105 1054 1150 1098 τὰ
1169 1052 1370 1109 πρότερον
1389 1051 1628 1109 significat,
1659 1063 1706 1096 et

261 1125 284 1160 5
310 1119 376 1151 est
397 1108 497 1151 sine
520 1109 655 1151 dubio
678 1110 956 1155 adverbium.
1004 1109 1225 1153 Similiter
1246 1119 1414 1158 contra,
1438 1110 1614 1166 quando
1634 1127 1706 1154 noe-

307 1165 356 1209 τὰ
388 1165 635 1222 significat,
668 1168 768 1210 loco
803 1167 1148 1224 praepositionis
1183 1177 1248 1207 est
1281 1164 1709 1222 accipiendum‚·ut

307 1234 464 1268 contra
488 1223 755 1266 concionem
776 1224 975 1273 Metelli;
1009 1239 1110 1266 cum
1134 1237 1240 1265 vero
1261 1223 1305 1267 τὰ
1323 1226 1562 1278 ἐξεναντίας,
1586 1225 1710 1278 quod

306 1279 542 1336 proprium
563 1292 629 1322 est
659 1285 765 1334 ejus,
799 1280 1034 1338 significat,
1068 1280 1328 1323 adverbium
1348 1291 1415 1322 est
1434 1279 1534 1322 sine
1554 1279 1707 1330 dubio,

306 1347 360 1377 ut
384 1350 466 1393 ego
487 1335 536 1378 in
562 1339 680 1379 hanc
709 1348 878 1394 partem
901 1349 1078 1394 specto,
1111 1349 1160 1379 tu
1187 1349 1354 1379 contra.
1412 1336 1636 1380 luvenalis
1660 1336 1711 1380 in

307 1391 501 1458 primos
526 1396 623 1434 Stat
650 1405 801 1435 contra
840 1399 1030 1449 starique
1047 1396 1184 1446 jubet.
1247 1395 1497 1436 Adversum
1528 1406 1709 1450 quoquo

307 1450 412 1491 ideo
433 1450 812 1507 praepositionem
835 1465 929 1493 esse
946 1461 1232 1506 putaverunt,
1265 1450 1366 1507 quia
1387 1464 1469 1506 pro
1488 1453 1554 1495 ἐπὶ
1571 1452 1708 1495 θηο-

308 1520 359 1548 ca
387 1506 724 1563 praepositione
756 1509 867 1550 solet
887 1507 1125 1563 aliquando
1159 1506 1290 1563 poni,
1325 1517 1375 1548 ut
1399 1506 1732 1549 Terentius-in·

307 1560 502 1605 Andria:
536 1566 670 1618 quue
687 1566 912 1605 adversum
941 1576 980 1604 te
992 1574 1168 1620 gratum
1183 1566 1324 1619 fuisse
1354 1565 1484 1604 habeo
1501 1568 1709 1619 gratiam.⁷

310 1620 504 1675 Quando
529 1631 679 1662 autem
710 1621 755 1666 τό
783 1625 970 1666 ἐναντίον
998 1619 1238 1676 significat,
1287 1621 1423 1678 magi&
1445 1620 1711 1673 adverbium

310 1674 588 1726 ostenditur,
621 1688 672 1719 ut
691 1677 932 1720 Terentius
961 1677 1010 1719 in
1033 1677 1327 1720 Phormione:
1357 1680 1416 1718 Ei
1441 1679 1529 1717 loco
1557 1693 1606 1717 ex
1628 1679 1712 1718 ad·-

311 1747 474 1773 versam
495 1739 709 1775 tonstrina
730 1745 823 1776 erat
845 1738 1060 1789 quaedam.
1092 1737 1348 1777 Secundum
1370 1747 1560 1791 quoque,
1576 1747 1711 1790 quan-

268 1803 271 1806 *
312 1789 371 1830 do
403 1803 484 1845 pro
517 1791 619 1834 κατὰ
646 1803 690 1833 et
721 1792 819 1846 μετὰ
850 1791 1091 1847 accipitur,
1130 1793 1230 1833 loco
1261 1789 1601 1848 praepositionis
1629 1802 1708 1833 est.

310 1845 528 1888 Salustius
556 1847 605 1888 in
624 1848 884 1904 Jugurtino:
921 1850 1158 1888 Secundum
1186 1865 1259 1897 ea,
1292 1852 1358 1888 ati
1391 1848 1542 1887 debitis·
1563 1858 1710 1888 uterer.

308 1904 515 1944 Lucanus
535 1904 583 1944 in
606 1916 792 1949 octavo:
828 1907 1067 1946 Secundum
1097 1907 1368 1948 Aemathiam
1396 1907 1454 1944 lis
1487 1913 1612 1944 tanta
1630 1906 1712 1944 da—

267 1962 290 1996 6
313 1969 395 1998 tur.
466 1962 712 2003 Accentum
741 1965 908 2004 habent
934 1960 1290 2018 praepositiones
1318 1970 1499 2002 acutum
1528 1959 1577 2001 in
1604 1960 1711 2009 fine,
1734 2004 1737 2005 γ

312 2028 405 2059 tam
431 2018 552 2072 apud
573 2020 762 2060 Graecos
790 2033 923 2076 quam
951 2020 1069 2074 apud
1091 2017 1294 2066 Latinos,
1328 2016 1406 2073 qui
1430 2027 1579 2059 tamen
1607 2031 1716 2060 cum

357 2169 461 2206 Ante
478 2181 544 2204 ora
555 2177 719 2217 patrum.
754 2170 857 2216 Virg.
878 2172 971 2205 Aen.
994 2172 1025 2204 Ῑ.
1057 2180 1113 2214 95.
1164 2170 1263 2205 Ante
1284 2167 1470 2204 levesi-el.
1505 2168 1608 2215 Virg.
1629 2169 1712 2204 Ecl.

406 2216 436 2250 I.
453 2217 505 2250 vsss
529 2217 585 2252 60.
608 2217 610 2219 ’
634 2219 735 2252 Ante
749 2218 967 2262 pererratis.
991 2217 1072 2251 Ecl.
1097 2217 1125 2250 I.
1147 2227 1198 2248 νε.
1222 2215 1277 2248 62.
1456 2223 1461 2228 ·
1548 2243 1555 2250 ,
1653 2229 1656 2232 ’

359 2260 394 2306 5.
413 2270 448 2305 5.
476 2263 690 2297 ‘adverbium
710 2269 765 2297 est
785 2264 865 2297 sine
887 2263 1004 2297 dubio.
1058 2261 1241 2296 Codicum
1260 2265 1298 2294 et
1317 2259 1414 2306 Edd.
1434 2261 1529 2296 Ven.
1550 2261 1713 2296 auctori-

405 2313 485 2343 tate
503 2307 629 2343 delevi
656 2314 693 2342 et
712 2315 802 2343 ante
822 2309 1049 2343 adverbium.

306 2365 310 2369 ·
343 2353 400 2387 >in
418 2353 516 2387 lianc
528 2360 688 2399 partem.
738 2355 870 2388 Plures
889 2353 1005 2388 Codd.
1025 2355 1065 2387 in
1086 2354 1156 2388 hac
1173 2359 1295 2399 parte.

358 2399 558 2434 Juvenalis
577 2401 618 2434 in
633 2402 763 2445 primo.
792 2401 868 2434 Sat.
889 2402 959 2434 III.
979 2412 1031 2434 νε.
1044 2411 1120 2446 290.
1176 2400 1365 2433 Terentius
1384 2400 1424 2433 in
1443 2399 1602 2434 Andria.
1627 2401 1709 2435 Act.

304 2442 325 2450 ²
351 2440 358 2449 ”
404 2445 436 2480 Ῑ.
459 2445 518 2480 Sc.
543 2456 574 2480 1.
595 2457 650 2480 vs.
673 2456 725 2490 ¹5·
776 2447 915 2480 Versus
944 2446 1070 2491 vulgov
1087 2445 1141 2479 ita
1171 2444 1334 2490 legitur:
1370 2446 1412 2479 id
1425 2451 1574 2492 gratum
1585 2443 1714 2490 fuisse

405 2491 601 2526 adversum
619 2498 656 2525 te
673 2491 790 2526 habeo
806 2493 979 2539 gratiam.
1014 2491 1201 2537 Equidem
1221 2502 1242 2525 e
1261 2490 1378 2526 Codd.
1400 2490 1512 2526 Luth.
1535 2491 1710 2530 Heidelb.

406 2536 542 2582 Zwicc.
570 2550 598 2572 1.
620 2550 652 2572 2.
676 2538 778 2584 Lips.
806 2550 834 2572 1.
859 2551 891 2572 2.
914 2538 995 2574 Erl.
1018 2551 1046 2572 1.
1073 2550 1103 2572 2.
1125 2537 1263 2573 Dresd.
1284 2536 1380 2571 Edd.
1403 2539 1497 2572 Ven.
1514 2549 1589 2572 1.2.
1605 2534 1712 2572 hunc

405 2582 536 2617 locum
556 2583 670 2618 edidi.
722 2584 814 2619 Cod.
837 2583 970 2618 Zwicc.
997 2597 1028 2619 2.
1052 2583 1179 2619 omisit
1193 2582 1332 2628 fuisse.

335 2670 340 2676 ³
366 2630 559 2664 Terentius
581 2630 621 2669 in
638 2630 784 2664 Phorm.
810 2631 891 2664 Act.
914 2631 943 2665 Ι.
966 2631 1025 2673 So.
1048 2643 1079 2665 2.
1101 2642 1152 2664 νε.
1173 2641 1230 2674 59.

360 2675 414 2710 ef·
457 2673 540 2710 ced
565 2674 758 2721 decipitur.
805 2677 914 2711 Hanc
942 2687 1076 2712 vocem
1104 2675 1249 2710 inserui
1277 2686 1300 2709 e
1330 2675 1445 2709 Codd.
1475 2675 1588 2710 nuth.
1619 2674 1710 2710 Hei-

406 2688 506 2755 (ΕΒΗ).
529 2720 663 2756 Zwicc.
685 2721 788 2766 Lips.
814 2735 842 2757 1.
865 2735 896 2757 2.
917 2723 997 2757 Erl.
1023 2735 1052 2756 1.
1078 2735 1109 2756 2.
1132 2721 1269 2756 Dresd.
1289 2721 1385 2755 Edd.
1406 2722 1500 2756 Ven.

359 2766 547 2803 Salustius
567 2768 607 2802 in
627 2770 714 2814 Jug.
736 2769 836 2813 XIV,
855 2780 889 2814 3.
917 2770 1114 2804 secundum
1135 2780 1191 2802 ea.
1240 2769 1348 2801 Inter
1366 2766 1485 2802 lineas
1502 2766 1595 2802 eod.
1620 2766 1712 2802 Hei·
