1748 3112
300 280 386 324 562
704 278 830 321 LIB.
860 278 1003 320 x111.
1062 276 1202 321 CAP.
1233 280 1298 321 11.

301 410 435 444 num,
467 393 515 436 id
548 404 613 436 est
636 405 762 435 casus
796 403 842 434 et
854 399 1049 458 genera,
1082 390 1134 434 in
1156 390 1247 435 fine
1279 393 1547 437 ostendunt:
1579 396 1702 451 quod

301 466 407 495 vero
428 452 671 493 verborum
683 479 695 497 ‚
727 447 778 491 in
797 447 1119 516 principalibus
1149 448 1327 515 syllabis
1343 449 1552 494 vitandae
1571 466 1703 496 causa

304 506 599 571 confusionis,
661 506 915 571 Quaeritur,
932 506 1051 549 inter
1070 505 1178 560 mei,
1210 505 1293 572 tui,
1325 506 1409 559 sui,
1438 507 1598 558 nostri,
1627 523 1702 550 ve-

304 566 384 611 stri
404 563 630 623 genitivos
659 562 1015 629 possessivorum
1045 574 1090 606 et
1113 561 1455 631 primitivorum
1484 563 1593 622 qnid
1628 564 1701 606 in·-

304 622 472 667 terest‘?
533 621 599 662 Ad
631 621 754 678 quod
773 619 1036 670 dicendum,
1069 622 1190 678 quod
1213 619 1556 687 primitivorum
1577 621 1700 687 geui-

303 681 413 725 tivis
445 692 601 721 omnes
633 691 760 720 casus
792 678 975 743 adjungi
1002 687 1195 734 possunt
1223 688 1267 719 et
1293 677 1492 727 numeri,
1530 689 1583 720 ut
1610 676 1703 721 mei

304 753 407 795 ager
438 747 524 784 est,
559 745 604 777 et
625 733 716 777 mei
744 733 837 791 agri
868 734 1244 783 instrumentum,
1277 745 1322 776 et
1340 734 1428 777 mei
1457 749 1560 801 agro
1583 734 1702 783 dedi,

306 806 350 837 et
367 792 458 836 mei
490 807 648 860 agrum
677 793 802 834 colo:
832 790 1042 833 simili-ter
1063 802 1107 834 et
1124 790 1215 833 mei
1234 790 1352 847 agri,
1385 803 1430 835 et
1458 791 1551 835 mei
1579 806 1702 859 agro·

302 865 419 900 rum,
453 860 497 892 et
525 848 616 891 mei
644 847 771 915 agris,
802 859 847 890 et
880 847 971 890 mei
1000 861 1126 905 agros
1148 846 1363 913 dicimus:
1395 847 1604 892 similiter
1633 848 1703 891 tui

304 922 481 965 agrum,
522 918 568 949 et
596 905 662 948 tui
691 920 840 961 agros,
883 903 953 946 sui
985 919 1166 970 agrum,
1198 916 1243 946 et
1273 903 1347 947 sui
1375 919 1526 971 agros3
1557 905 1702 948 nostri

302 980 483 1021 agrum,
525 974 572 1005 et
599 963 740 1005 nostri
770 975 918 1019 agros,
963 961 1102 1026 vestri
1132 976 1288 1027 agrum
1319 973 1364 1004 et
1391 962 1529 1004 vestri
1561 976 1700 1019 agros.

303 1023 495 1087 Quando
526 1031 679 1062 autem
711 1030 816 1061 sunt
832 1017 1116 1085 possessiva,
1145 1017 1381 1083 genitivis
1392 1019 1701 1084 adjunguntur

301 1077 406 1121 solis
431 1079 632 1130 ejusdem
664 1074 859 1124 numeri,
891 1074 984 1117 mei
1010 1074 1129 1117 servi
1152 1074 1284 1126 filius,
1316 1073 1387 1117 tui
1402 1074 1522 1117 servi
1551 1074 1706 1124 vestis.

301 1134 375 1177 sui
396 1132 514 1176 servi
545 1131 875 1181 ministerium,
905 1130 1051 1174 nostri
1078 1131 1196 1173 servi
1226 1131 1384 1186 frater,
1414 1131 1554 1174 vestri
1587 1132 1737 1175 servi-

303 1205 443 1234 soror.
474 1193 570 1233 Nec
589 1191 774 1238 mirum,
798 1205 904 1232 cum
926 1189 974 1231 in
986 1188 1246 1230 nominibus
1267 1203 1448 1246 quoque
1470 1191 1560 1231 hoe
1578 1187 1705 1231 idem

301 1258 518 1291 servatur.
563 1250 680 1290 Nam
699 1247 1040 1312 primitivorum
1061 1244 1275 1311 genitivis
1300 1259 1457 1288 omnes
1479 1259 1606 1311 casus
1624 1247 1704 1288 ad..

301 1304 431 1362 jungi
464 1315 666 1370 possunt,
707 1305 780 1346 vel
805 1301 998 1353 numeri,
1027 1313 1079 1345 ut
1108 1301 1252 1344 Tullii
1285 1317 1402 1360 ager,
1444 1301 1552 1368 agri,
1583 1317 1703 1360 agro,

302 1376 473 1417 agrum,
501 1361 609 1418 agri,
628 1375 853 1427 agrorum,
878 1358 1007 1416 agris,
1039 1373 1181 1416 agros.
1240 1361 1290 1401 In
1312 1357 1583 1425 possessivis
1594 1373 1702 1402 vero
1728 1371 1729 1377 ¹

304 1394 467 1460 similis
498 1432 624 1460 casus
650 1417 913 1483 adjungitur
937 1426 981 1457 et
1005 1430 1240 1464 numerus,
1279 1427 1332 1457 ut
1362 1414 1583 1458 Tulliani
1590 1416 1699 1473 agri,

258 1485 280 1520 7
305 1474 568 1517 Tullianum
590 1489 761 1530 agrum,
793 1473 1024 1515 Tullianos
1044 1486 1183 1528 agros.
1244 1475 1296 1513 In
1318 1471 1529 1514 omnibus
1547 1483 1700 1515 autem

301 1530 641 1574 concidentibus
670 1533 759 1573 hoc
785 1529 1040 1578 sciendum,
1073 1530 1198 1585 quod
1225 1539 1450 1571 structura
1479 1529 1553 1570 vel
1576 1529 1699 1571 ordi·
1742 1570 1748 1585 Ι,

300 1586 424 1630 natio
458 1587 676 1630 orationis
708 1586 1039 1630 dubitationem
1069 1585 1258 1650 repellit.
1316 1587 1450 1628 Nulla
1470 1584 1594 1627 enim
1614 1585 1703 1628 alin
1744 1591 1748 1640 ξ

301 1660 350 1687 re
367 1644 685 1709 discernuntur
706 1659 731 1685 a
752 1659 798 1686 se
816 1655 908 1686 tam
923 1653 1068 1700 partes
1091 1639 1315 1684 orationis
1333 1656 1467 1698 quam
1485 1642 1700 1685 acciden-
1743 1656 1748 1694 3

302 1701 364 1743 tia
393 1699 456 1742 eis
486 1699 576 1742 nisi
595 1699 969 1766 significatione,
1002 1700 1059 1740 ad
1089 1713 1221 1765 quam
1254 1709 1299 1740 et
1319 1697 1598 1742 constructio
1630 1699 1708 1743 fit.

301 1757 419 1801 Nam
450 1756 750 1800 inveniuntur
772 1771 887 1799 voce
917 1771 1044 1813 saepe
1072 1754 1253 1808 similia,
1283 1766 1336 1797 ut
1354 1766 1537 1805 amator,
1569 1769 1698 1799 accu-
1739 1734 1748 1828 ἐ

301 1825 434 1868 sator,
465 1823 628 1863 orator,
660 1825 704 1856 et
730 1815 915 1857 nomina
942 1823 1050 1855 sunt
1076 1823 1122 1855 et
1147 1814 1295 1855 verba.
1354 1811 1571 1856 Similiter
1591 1828 1697 1879 poe-
1741 1827 1748 1852 ι

301 1881 387 1920 tae,
417 1873 589 1920 Musae,
621 1870 727 1920 diei,
758 1871 840 1920 rei,
871 1881 916 1912 et
933 1867 1128 1926 genitivi
1158 1879 1264 1910 sunt
1282 1879 1333 1912 et
1345 1868 1502 1911 dativi.
1557 1869 1700 1927 Signi-
1740 1853 1748 1910 l

302 1927 512 1969 ficatione
542 1926 679 1992 igitur
706 1926 1025 1970 discernuntur
1045 1941 1069 1967 a
1090 1941 1150 1973 se,
1182 1940 1298 1982 quae
1321 1925 1614 1971 attentissime
1634 1937 1703 1968 est
1737 1910 1748 2015 ἓ

303 1983 353 2024 in
387 1981 596 2025 omnibus
629 1983 927 2048 inspicienda,
988 1981 1231 2038 Quaeritur
1261 1982 1397 2024 etiam
1427 1981 1561 2031 illud,
1603 1997 1699 2035 cur,

302 2054 410 2082 cum
426 2040 566 2105 apud
563 2041 753 2083 Graecos
785 2038 915 2082 tertia
941 2052 1131 2095 persona
1160 2038 1501 2104 pronominum
1506 2037 1701 2095 primiti-
1735 2017 1748 2110 ἕ

302 2110 466 2139 vorum
490 2107 536 2138 et
552 2095 603 2139 in
634 2095 848 2153 singulari
879 2110 1068 2137 numero
1090 2095 1249 2136 habeat
1277 2093 1615 2138 nominativum
1642 2100 1700 2148 Η,
1735 2107 1740 2117 “·

299 2163 348 2194 et
367 2151 416 2194 in
436 2153 616 2219 plurali,
647 2155 766 2220 apud
786 2151 970 2195 Latinos
990 2151 1063 2194 sui
1084 2163 1129 2193 et
1148 2150 1435 2194 nominativo
1457 2151 1624 2206 deficit,
1656 2164 1703 2195 et

299 2209 490 2266 pluralia
505 2210 748 2268 separatim
766 2225 859 2253 non
876 2207 1067 2252 habuit.
1049 2209 1071 2239 ⁹
1111 2206 1349 2260 Existimo,
1367 2223 1465 2252 eam
1484 2223 1578 2252 esse
1599 2223 1705 2253 cau·
1730 2239 1732 2243 ›

346 2373 380 2418 9
396 2386 437 2427 7
462 2376 535 2416 fl,
561 2379 598 2409 et
618 2374 658 2408 in
671 2371 832 2420 plurali.
877 2373 1044 2420 Apposui
1065 2374 1138 2408 ad‘
1132 2391 1143 2410 ι
1139 2374 1343 2421 'digamma
1360 2346 1570 2417 Aeolicum,
1594 2374 1699 2421 quod

390 2419 432 2454 in
460 2421 635 2457 omnibus
664 2420 865 2454 Codicihus
897 2421 1109 2465 reperitur,
1144 2428 1185 2455 et
1210 2428 1296 2467 post
1320 2422 1466 2467 plurali
1488 2421 1698 2458 eorundem

393 2466 580 2501 Codicum
606 2466 834 2500 auctoritate
869 2467 1032 2512 expunxi
1061 2474 1104 2501 ut
1126 2466 1184 2503 σι’.
1241 2469 1340 2502 Ante
1367 2470 1428 2522 ξι
1429 2468 1478 2501 in
1505 2466 1700 2513 plerisque

392 2512 618 2556 Codicibus,
642 2512 975 2557 praestantissimis
997 2513 1133 2558 etiam,
1158 2514 1339 2560 legitur'
1319 2527 1408 2561 εγω,
1435 2511 1500 2556 οὗ,
1523 2513 1624 2559 quod
1647 2513 1726 2552 ab
1731 2537 1740 2541 2

342 2558 668 2650 §interpolatore
685 2558 854 2594 additum
868 2566 976 2614 puto
1724 2569 1725 2573 ¹

371 2618 435 2659 ,9.
462 2605 598 2658 absque
609 2605 793 2684 1ῖεηίτίνο,
812 2607 875 2651 qui
893 2607 934 2640 in
952 2617 971 2640 s
991 2606 1141 2642 desinit.
1166 2607 1233 2641 Cui
1250 2612 1375 2641 tamen
1393 2603 1464 2639 rel.
1497 2603 1572 2639 Hic
1586 2605 1696 2640 loeus
1728 2615 1748 2650 ’,ξ

342 2603 433 2685 §in
461 2650 619 2685 edition
649 2662 692 2684 us
714 2651 882 2695 Venetis,
915 2651 1063 2695 Aldina,
1097 2652 1321 2694 Basileensi,
1348 2649 1582 2694 Coloniensi,
1607 2653 1694 2685 Put-
1732 2658 1748 2691 ἵζ’

390 2696 545 2732 schiana
572 2696 715 2742 legitur
740 2696 813 2731 ita·
858 2698 993 2744 absque
1021 2698 1118 2740 illis,
1144 2699 1208 2744 qui
1235 2700 1276 2733 in
1295 2709 1315 2731 s
1335 2698 1526 2739 desinunt,
1550 2695 1618 2731 hoc
1636 2703 1697 2730 est
1734 2710 1746 2738 2:

383 2743 552 2789 genitivo
572 2742 757 2789 singulari
778 2749 816 2777 et
845 2745 977 2778 dativo
988 2750 1027 2778 et
1047 2724 1215 2779 ablativo
1237 2749 1275 2778 et
1294 2743 1508 2777 accusativo
1525 2741 1741 2788 plurali-

386 2791 465 2825 bus.
491 2788 631 2837 Quibus
651 2794 775 2826 tamen
793 2796 940 2828 autom
958 2790 1082 2827 solent
1098 2791 1232 2828 adden
1252 2802 1291 2830 ce
1313 2788 1508 2835 syllabam,
1527 2788 1690 2831 huju-5⁶⁶·
