1748 3112
278 231 364 278 454
641 235 770 276 LIB.
802 234 880 276 1x.
940 233 1079 278 GAP.
1108 236 1188 278 Vl.
1217 238 1324 280 v11.

281 349 433 388 damus
463 347 514 386 id
537 350 699 400 superis
732 348 781 388 cle
821 362 980 403 magna
1009 351 1123 403 quod
1155 350 1257 392 dare
1289 353 1410 393 lanu
1431 366 1522 398 non·
1543 355 1684 406 pouit

194 410 267 445 vn
283 406 436 458 magni
460 406 676 444 Messalae
694 407 814 470 lippa
828 408 1055 461 propago?
1114 408 1147 448 A
1165 417 1235 448 sto
1259 421 1443 464 quoquo
1459 405 1685 465 composi-
1734 415 1748 426 ‘²

213 458 258 504 36
286 471 329 502 ta
348 469 528 502 servant
547 460 899 516 duplicationem
922 461 1168 518 praeteriti,
1188 475 1238 505 ut
1256 475 1374 506 resto
1391 463 1555 514 restiti,
1580 478 1686 507 con-

284 529 354 559 sto
376 515 584 570 constiti,
617 530 765 572 prosto
794 519 983 574 prestiti.
1045 518 1236 562 Ovidius
1271 531 1422 563 tamen
1451 521 1585 563 abstit
1602 533 1686 578 pro

288 571 463 616 abstitit
493 573 680 628 protulit
711 574 760 615 in
794 578 860 617 XI.
893 578 1340 632 Metamorphoseonz
1390 579 1596 632 Alcyonen
1624 579 1688 618 la·

288 635 446 671 crima-s·
459 659 473 677 ,
503 639 543 669 et
565 646 673 684 quae
694 648 801 686 pars
829 634 1048 682 admonet,
1080 634 1222 674 abstit.
1281 637 1338 675 Et
1369 633 1534 676 absisto
1564 631 1688 676 enim

290 698 335 729 et
366 687 490 727 abeto
525 685 677 729 abstiti
705 688 824 730 facit.
886 689 1109 745 Supinum
1135 692 1207 731 vel
1242 689 1522 748 participiale
1541 689 1593 733 in
1611 704 1691 732 um

294 741 502 785 desinens
531 743 684 785 omnia
718 744 888 801 primae
925 745 1256 802 conjugationis
1286 750 1442 794 verba,
1499 745 1692 804 quaein

295 798 369 842 avi
405 799 696 854 praeteritum
729 801 995 850 terminant,
1027 803 1069 844 vi
1094 802 1142 844 in
1173 814 1270 844 tum
1300 802 1612 846 convertentia
1635 803 1695 845 fa·

296 855 448 903 ciunt,
481 867 534 898 ut
559 857 708 898 amavi
744 869 965 908 amatum,
997 858 1122 900 oravi
1154 870 1352 909 oratum,
1384 860 1490 902 flavi
1521 860 1696 905 flatum.

298 914 424 969 Quae
445 922 553 954 ve‘ro
573 912 621 954 in
645 913 691 956 ui
715 913 880 957 divisas
901 915 1126 964 desinunt,
1158 914 1194 956 si
1218 931 1243 958 c
1264 928 1367 958 ante
1390 931 1418 958 o
1437 916 1692 965 habuerint,

298 979 479 1011 mutant
504 969 551 1010 ui
574 969 620 1011 in
655 981 776 1020 tum,
808 983 857 1013 ut
882 972 992 1014 frico
1025 970 1154 1014 fricui
1181 971 1386 1022 frictum;
1417 973 1538 1014 unde
1557 975 1695 1016 Juve-

298 1024 412 1068 nalis
444 1024 494 1067 in
525 1029 574 1067 Π.
610 1029 660 1067 Si
685 1033 828 1082 prurit
857 1030 1027 1082 frictas
1064 1031 1185 1069 ocella·
1213 1032 1410 1084 angulus.
1480 1027 1698 1071 Similiter

299 1095 404 1124 seco
423 1081 546 1124 secui
570 1095 760 1126 sectum·
820 1084 896 1127 Sic
915 1100 1018 1142 ergo
1039 1085 1176 1127 necui
1196 1098 1377 1128 nectum
1398 1084 1519 1128 fecit.
1581 1083 1698 1128 ovi-

300 1138 402 1180 dius
426 1137 473 1179 in
495 1141 586 1180 1111.
618 1143 1068 1198 Metamorphoseon:
1099 1145 1189 1183 Nec
1221 1152 1268 1183 tu
1288 1147 1388 1194 jam
1411 1152 1585 1197 poteras
1604 1157 1698 1182 ene·

301 1205 416 1235 ctam
438 1197 617 1248 pondere
646 1208 782 1238 terrae
811 1201 953 1239 tollere
982 1201 1183 1254 Nympha
1213 1211 1351 1253 caput.
1427 1198 1553 1241 Mico
1588 1213 1699 1256 qno-

304 1265 390 1308 que
411 1251 551 1293 micui
572 1253 766 1296 mictum
798 1256 931 1296 debet
952 1256 1108 1297 facere.
1169 1258 1254 1298 Sed
1280 1254 1574 1298 dubitationis
1595 1270 1704 1297 cau-

302 1322 370 1355 sa,
403 1307 507 1364 quia
528 1307 684 1366 mingo
713 1326 890 1368 quoque
911 1312 1102 1354 mictum
1134 1312 1263 1360 facit,
1294 1312 1341 1354 iu
1359 1327 1446 1355 usu
1466 1326 1558 1354 non
1576 1311 1704 1354 inve-

302 1363 441 1412 nitur,
476 1366 681 1420 quamvis
711 1370 764 1408 ab
788 1383 841 1409 eo
863 1370 1000 1409 verbo
1029 1368 1334 1423 compositum
1365 1366 1535 1410 dimico
1574 1367 1705 1413 dimi-

304 1420 402 1462 cavi
444 1420 577 1463 faeiat
603 1433 659 1476 ‚et
709 1422 988 1466 dimicatum.
1061 1423 1219 1466 Livius
1258 1426 1305 1466 in
1347 1426 1535 1469 XXXIII.
1575 1428 1703 1467 Iusta
1731 1457 1739 1464 ,

305 1493 464 1531 quoque
493 1483 609 1526 acie,
640 1488 680 1518 et
707 1483 878 1521 collatis
907 1484 1044 1534 signis
1075 1482 1341 1522 dimicatum.
1430 1483 1703 1538 Quanquam

306 1532 452 1574 emico
493 1533 662 1577 emicui
702 1536 851 1578 faciat.
923 1541 1128 1579 Lucanus
1154 1538 1200 1578 iu
1234 1542 1266 1579 I.
1310 1541 1503 1590 Qualiter
1538 1554 1704 1593 expres-

236 1603 281 1639 57
304 1605 398 1631 eum
426 1595 561 1631 ventis
586 1607 661 1645 per
697 1595 845 1633 nubila
866 1595 1034 1647 fulmen
1069 1598 1251 1634 emicuit.
1323 1594 1450 1637 Plico
1491 1593 1627 1637 etiam
1660 1606 1735 1637 et‘

305 1646 522 1704 plicatum
564 1659 606 1690 et
638 1648 846 1705 plicitum
886 1649 1015 1697 facit,
1071 1661 1113 1691 et
1144 1651 1309 1706 plicavi
1347 1662 1390 1694 et
1419 1649 1572 1707 plicui.
1638 1655 1706 1695 Ex

307 1717 361 1744 eo
406 1702 546 1760 igitur
591 1705 839 1762 composita
890 1706 1184 1762 penultimam
1221 1722 1244 1749 a
1288 1709 1359 1749 vel
1398 1707 1415 1748 i
1453 1709 1618 1750 habent
1656 1709 1706 1750 in

307 1759 493 1816 supino,
555 1761 782 1819 duplicavi
824 1763 1124 1819 duplicatum,
1187 1764 1381 1822 explicui
1417 1764 1703 1821 explicitum.

354 1970 389 2014 §.
409 1971 465 2013 56.
493 1973 646 2006 Ovidius
675 1973 715 2006 in
743 1975 815 2008 XI.
846 1976 998 2008 Metam.
1023 1983 1103 2018 473.
1154 1972 1345 2016 Alcyonae
1366 1970 1575 2007 secundum
1593 1973 1702 2008 MSS.

403 2015 505 2061 Lips.
532 2030 559 2051 1.
585 2031 614 2052 2.
643 2018 815 2064 aliosque
845 2018 946 2052 edidi
976 2030 1044 2062 pro
1073 2018 1272 2062 Alcyones.
1320 2019 1402 2053 MS.
1426 2018 1504 2052 Erl.
1530 2031 1559 2053 1.
1590 2019 1707 2053 lacri-

403 2063 482 2096 mis.
509 2064 590 2098 MS.
613 2063 658 2098 Li
687 2076 714 2097 s.
738 2077 770 2099 2.
793 2070 937 2098 amovet
956 2076 1024 2108 pro
1045 2066 1228 2098 admonet.
1280 2065 1484 2099 Caeterum
1502 2064 1709 2101 lectionem
1742 2071 1745 2073 ’

404 2107 522 2142 abstit
539 2110 652 2144 absur
680 2121 739 2144 am
760 2122 843 2145 esse
867 2116 905 2144 et
923 2110 1158 2148 Priscianum
1178 2121 1310 2155 parum
1334 2117 1445 2146 acute
1464 2110 1511 2146 de
1527 2110 1601 2147 hoc
1620 2111 1707 2146 loco

403 2153 590 2197 sensisse,
617 2155 745 2190 docuit
763 2156 942 2191 Heinsius
962 2156 1009 2190 ad
1029 2155 1156 2190 Ovidii
1172 2156 1196 2190 l.
1218 2156 1243 2190 l.

359 2211 555 2246 Juvenalis
570 2214 611 2248 in
633 2213 689 2247 ΙΙ.
720 2214 808 2249 vide
825 2213 908 2248 Ind.
959 2214 1065 2249 Ονίιί.
1091 2214 1131 2246 in
1149 2216 1218 2249 IV.
1240 2217 1391 2249 Metam.
1418 2226 1471 2250 vs.
1494 2226 1572 2260 243.
1621 2215 1711 2249 Post

405 2257 534 2291 locum
552 2259 693 2293 eLivio
713 2261 918 2307 allegatum
938 2265 1149 2305 sequuntur
1163 2259 1202 2292 in
1221 2260 1326 2293 libris
1347 2259 1459 2295 editis
1476 2260 1590 2295 haee:
1617 2262 1713 2307 Qui-

348 2326 351 2330 -
407 2304 492 2336 (lam
513 2310 681 2339 auctores
703 2308 761 2339 usi
778 2313 866 2340 sunt
887 2306 1058 2339 dimicavi
1078 2307 1117 2339 in
1148 2307 1405 2351 compositione
1421 2306 1710 2341 rationabiliter.

406 2349 510 2382 Haec
539 2360 560 2382 e
590 2350 819 2395 glossemate
849 2357 931 2385 orta
958 2362 1054 2392 esse,
1079 2356 1196 2395 patet.
1247 2352 1444 2396 Leguntur
1471 2350 1625 2398 quidem
1651 2351 1711 2386 his

407 2393 545 2428 similia
565 2395 604 2429 in
626 2397 743 2431 Codd.
764 2404 802 2432 nt
828 2402 936 2432 tanta
953 2396 1128 2431 lectionis
1155 2396 1387 2439 diversitate,
1411 2403 1454 2431 ut
1474 2397 1712 2442 glossematis

405 2439 555 2475 indoles
585 2443 624 2476 in
649 2442 780 2477 oculos
807 2449 941 2488 sponte
967 2443 1150 2476 incurrat.
1203 2442 1395 2477 Omittunt
1423 2445 1531 2478 MSS.
1554 2443 1656 2490 Lips.
1679 2456 1712 2480 2.

407 2485 519 2522 Luth.
554 2489 633 2524 Erl.
650 2503 680 2527 2.
693 2490 843 2535 quidam
862 2495 984 2522 tamen
1003 2495 1171 2522 auctores
1191 2495 1279 2522 sunt
1297 2489 1357 2523 usi
1374 2501 1448 2523 non
1468 2489 1713 2533 irrationabi—

410 2533 495 2566 liter
523 2535 564 2569 in
593 2537 852 2582 compositione
879 2547 902 2569 a
934 2535 1063 2570 dimico
1084 2535 1286 2579 praeterito
1317 2536 1500 2569 dimicavi.
1550 2535 1651 2580 Li'ps.
1674 2546 1707 2579 3.

409 2581 556 2627 quidam
577 2589 744 2616 auctores
763 2587 849 2615 sunt
868 2582 929 2615 usi
955 2592 997 2614 eo
1018 2592 1247 2626 quamquam.
1295 2581 1397 2626 Lips.
1423 2595 1452 2616 1.
1475 2583 1622 2626 quidam
1641 2592 1713 2615 au-

410 2629 520 2662 ctoris
547 2629 605 2661 usi
633 2633 720 2661 sunt
752 2628 936 2663 dimicavi.
984 2626 1064 2661 Erl.
1087 2639 1116 2660 1.
1137 2626 1309 2672 proxime
1338 2627 1484 2661 accedit
1507 2627 1554 2662 ad
1579 2625 1710 2660 lectio-

408 2684 497 2707 nem
514 2673 718 2718 vulgatam.
768 2673 862 2707 Edd.
885 2673 978 2708 Ven.
1004 2685 1034 2708 1.
1058 2685 1089 2708 2.
1114 2673 1293 2707 omittunt
1321 2673 1362 2706 in
1382 2674 1649 2721 compositione.

362 2731 539 2765 Lucanus
557 2727 598 2764 in
615 2733 648 2766 I.
672 2742 727 2765 vs.
751 2740 826 2774 151.
