1748 3112
789 175 799 192 Ι

272 219 353 265 124
685 218 817 262 LI-B.
847 219 940 260 111.
1002 217 1144 260 cAP.
1175 218 1224 263 v,
1577 273 1582 276 ,

268 348 418 394 taque,
444 345 537 375 non
561 335 709 373 tamen
728 329 896 381 omnia,
923 340 979 374 ut
999 329 1183 388 quidam
1205 282 1653 387 puuvbmniff‘diziai-

268 389 535 435 nativorum
553 386 795 430 masculina
815 387 862 430 in
882 388 1020 436 culus,
1054 386 1303 430 foeminina
1323 386 1373 431 in
1394 384 1655 442 cul'n;''iieu-'·

270 459 338 491 tra
370 445 418 499 in
442 447 597 487 culum
626 442 881 489 terminant.
936 448 972 488 A
1001 442 1167 500 primae
1200 458 1308 486 vero
1338 444 1410 487 vel
1430 445 1654 488 ‘secundae

207 514 212 519 '
272 500 583 548 declinationis
632 499 892 542 nominibus
928 502 1103 543 nullum
1145 496 1657 546 invenitur'dimiuuti:

269 575 397 608 vum,
430 558 479 600 in
501 561 578 599 has
614 556 817 600 desinens
847 558 1024 605 formas,
1055 556 1145 600 nisi
1182 573 1206 600 a
1230 556 1659 615 primitivo‘habeat

271 630 312 666 c,
345 627 395 658 ut
424 618 618 659 Graecus
648 615 899 663 Graeculus,
931 615 1055 656 furca
1088 615 1271 658 furcula.
1328 618 1489 658 Earum
1513 613 1659 673 igitur

271 685 453 731 quoque
479 673 741 720 formarum,
772 681 823 711 ut
844 667 1033 726 possim,
1063 673 1232 728 regulas
1260 686 1394 715 coner
1423 670 1660 729 exponere.

270 729 586 782 Monosyllaba
606 727 655 769 in
678 741 697 770 s
727 726 975 768 desinentia
998 727 1144 777 vocali
1174 730 1481 787 antecedente,
1510 730 1661 782 cujus-

272 799 455 851 cunque
475 783 568 826 sint
597 783 794 842 generis,
828 795 871 825 et
894 783 942 824 in
966 798 1012 824 er
1027 783 1203 834 omnia,
1235 801 1347 842 quae
1370 795 1473 827 sunt
1503 780 1663 826 tertiae

273 839 613 889 declinationis,
645 850 690 882 et
707 839 754 880 in
776 854 825 881 us
848 851 1003 881 neutra
1018 871 1029 889 ,
1062 839 1344 884 nominativo
1363 849 1594 886 assumunt
1613 839 1664 883 in

271 896 524 941 masculino
547 897 696 945 culus,
727 897 775 937 in
797 895 1047 940 foeminino
1078 899 1201 951 cula,
1230 897 1280 939 in
1308 903 1468 941 neutro
1495 897 1661 946 culum,

274 966 330 998 ut
355 956 438 997 flos
466 954 704 1001 flosculus,
736 967 828 994 mas
856 955 1100 1001 masculus,
1140 969 1240 996 mus
1267 956 1521 1003 musculus,
1560 955 1664 1010 plus

277 1012 525 1068 pluscuhs,
559 1024 608 1051 os
631 1010 858 1051 osculum:
890 1011 1013 1065 quod
1034 1011 1234 1066 quamvis
1255 1011 1313 1052 sit
1335 1011 1502 1053 formae
1525 1008 1668 1052 dimi-2

276 1065 478 1116 nativae,
510 1077 670 1114 tamen,
694 1065 800 1121 quia
819 1065 947 1108 aliam
965 1065 1123 1108 habuit
1142 1066 1528 1124 significationem,
1561 1065 1671 1108 fecit

210 1142 254 1179 29
279 1138 332 1166 ex
345 1138 444 1181 sese
469 1123 592 1164 aliud
613 1121 938 1163 diminutivum
971 1122 1190 1164 oscillum.
1250 1122 1470 1166 Similiter
1494 1120 1670 1166 faciunt

278 1179 332 1224 iu
358 1195 406 1222 er
433 1177 719 1223 terminantia
754 1177 1100 1229 diminutivum,
1145 1189 1196 1222 ut
1226 1180 1360 1222 frater
1389 1179 1666 1239 freterculus,

325 1343 363 1388 s.
382 1345 440 1378 28.
474 1351 517 1381 ut
527 1345 676 1390 possim,
695 1363 742 1373 ι·-
761 1357 880 1379 coner.
928 1347 987 1380 Ita
1006 1346 1114 1381 MSS.
1136 1345 1269 1380 Zwicc.
1294 1356 1324 1379 ι.
1346 1355 1377 1379 2.
1398 1342 1510 1378 Luth.
1530 1342 1667 1390 Dtesd.

314 1423 315 1426 ,
373 1389 476 1439 Lips.
500 1403 532 1426 1.
551 1391 630 1425 Eri.
655 1401 685 1444 ‚¹⁸
734 1390 1015 1469 Rffliguimsss·
1043 1402 1130 1426 cum
1155 1391 1250 1426 Edd.
1266 1396 1408 1443 pptero,
1429 1409 1478 1416 —-—-
1499 1390 1671 1426 conabor.

375 1435 495 1471 codd.
517 1442 746 1472 auctoritate
771 1448 814 1470 ‘m
844 1448 905 1471 uxi
922 1449 1107 1472 rariorem
1121 1437 1303 1483 loquenth
1318 1435 1483 1471 modum.

282 1493 286 1498 ’
327 1491 362 1538 S.
384 1502 440 1539 29.
474 1493 635 1528 Plautus
653 1495 693 1528 in
713 1494 946 1528 Cistellaria:
970 1498 1059 1530 Tum
1077 1501 1118 1528 tu
1137 1495 1151 1528 i
1178 1495 1263 1528 itur.
1299 1494 1401 1528 Haec
1418 1494 1532 1528 verba
1547 1492 1672 1529 inco-

374 1538 522 1573 dicibus
544 1539 793 1583 Cistellariae,
819 1541 938 1587 qualis
957 1552 1059 1576 nunc
1077 1540 1141 1587 qui
1170 1551 1231 1574 em
1248 1544 1381 1582 exstat,
1405 1551 1483 1575 non
1496 1539 1672 1585 reperiri,

373 1590 604 1619 notaverunt
631 1592 671 1620 et
697 1586 821 1620 Plauti
846 1585 1075 1632 interpretes
1103 1592 1142 1621 et
1174 1584 1448 1631 Lexieograpln‘
1474 1586 1542 1621 sub
1578 1596 1675 1620 voce

375 1631 591 1665 matercula.
616 1633 678 1666 De
694 1632 872 1667 lectionis
890 1633 1010 1678 igitur
1026 1632 1210 1666 varietate
1228 1631 1383 1666 difficile
1401 1637 1460 1666 est
1477 1630 1673 1675 judicium.

377 1676 567 1722 Equidem
585 1677 712 1712 officio
732 1689 818 1712 meo
836 1677 892 1713 ita
915 1678 1143 1713 satisfecisse
1162 1683 1268 1723 puto,
1300 1683 1358 1720 ut,
1389 1688 1503 1723 quam
1518 1677 1675 1723 plurimi

376 1722 483 1768 iique
515 1723 650 1768 optimi
674 1730 869 1769 praestant
896 1724 1055 1759 Codices
1074 1724 1303 1766 lectionem,
1337 1723 1378 1757 in
1404 1729 1553 1759 textum
1569 1734 1672 1758 rece-

376 1767 513 1816 perim.
548 1768 642 1804 Edd.
656 1769 738 1803 Ald.
751 1770 900 1804 Putsch.
915 1770 1048 1804 Colon.
1061 1771 1146 1804 Bas.
1164 1773 1244 1802 tun'
1264 1776 1303 1802 tu
1324 1781 1382 1802 ne.
1407 1769 1517 1804 MSS.
1538 1769 1673 1803 Zwiec.

380 1827 412 1850 ι.
437 1827 470 1850 2.
493 1814 604 1849 Luth.
625 1815 800 1850 Heidelb.
822 1815 968 1860 Lipsa.
991 1815 1068 1850 Erl.
1096 1827 1124 1849 ι.
1145 1827 1177 1849 2.
1199 1813 1335 1848 Dresd.
1357 1814 1451 1849 Edd.
1473 1814 1566 1850 Ven.
1587 1825 1617 1849 ι.
1638 1825 1672 1849 2.

379 1867 456 1895 tum
475 1866 514 1895 et
531 1872 601 1906 pro
621 1867 709 1895 tune
738 1859 916 1896 exhibent
935 1867 989 1895 tu.
1035 1861 1118 1896 MS.
1140 1859 1242 1906 Lips.
1267 1870 1298 1895 1.
1320 1867 1419 1896 tunc.

333 1921 508 1954 Lucanus
535 1919 576 1952 in
594 1921 672 1954 III.
693 1930 747 1952 vs.
770 1921 847 1965 724.
896 1917 1034 1960 Miror,
1067 1915 1287 1952 Putschium
1307 1927 1458 1963 quoque
1476 1927 1563 1952 cum
1587 1917 1678 1952 reli·

381 1963 464 2012 quis
494 1963 703 1999 editoribus
731 1974 903 1999 errorem
931 1963 972 1997 in
990 1974 1149 1998 numero
1168 1966 1415 2009 propagasse,
1452 1973 1566 2009 quem
1581 1963 1679 1997 anti·

422 2009 563 2045 lissima
580 2011 726 2046 veneta
742 2011 818 2054 jam
841 2010 1046 2044 sustulerat
1065 2015 1104 2044 et
1124 2021 1238 2056 quem
1253 2009 1361 2044 Mss.
1381 2008 1517 2054 optimi
1535 2008 1677 2044 dudum

409 2062 668 2099 amnuerunt,
694 2067 763 2102 pro
783 2057 936 2101 vulgato
957 2058 982 2089 I
985 2058 1026 2091 V.
1050 2057 1207 2090 tertium
1225 2060 1422 2101 ponentes.

333 2107 529 2144 Iuvenalis
548 2108 587 2141 in
607 2108 728 2141 tertio.
776 2108 846 2142 Est
862 2107 984 2142 Satira
1004 2108 1076 2142 III.
1097 2119 1152 2142 vs.
1172 2119 1228 2154 97.

337 2165 501 2201 Plautus
529 2164 570 2199 in
602 2164 691 2199 cist.
739 2166 812 2200 Hic
840 2174 991 2210 quoque
1018 2163 1125 2199 locus
1142 2176 1220 2198 non
1239 2163 1430 2210 reperitur
1451 2163 1493 2199 in
1511 2161 1683 2209 eiusdem

382 2210 547 2245 nominis
566 2211 705 2246 fabula.
731 2212 922 2250 Asterisco
941 2221 1031 2255 ergo
1051 2210 1196 2244 notavit
1212 2210 1285 2244 hoc
1302 2221 1444 2244 nomeu
1461 2209 1678 2250 EtLColon.

382 2257 467 2291 MS.
487 2256 623 2291 Dresd.
646 2257 876 2290 Ceseellaria.
910 2259 996 2291 cam
1022 2257 1174 2289 extortis
1202 2254 1292 2288 talis
1319 2267 1398 2288 cum
1424 2250 1567 2289 todillis
1594 2267 1682 2289 cru-

384 2302 512 2336 sculis.
559 2302 703 2346 Magna
721 2307 780 2337 est
797 2301 871 2336 hoc
889 2301 975 2335 loco
994 2300 1179 2334 librorum
1198 2307 1238 2335 et
1256 2300 1483 2345 scriptorum
1500 2305 1540 2334 et
1560 2300 1682 2335 edito-

385 2358 472 2390 rum
502 2347 678 2382 lectionis
707 2347 882 2382 varietas.
930 2346 1129 2380 Putschius
1159 2346 1254 2381 Edd.
1275 2346 1407 2381 Colon.
1427 2347 1511 2381 Bas.
1532 2352 1682 2380 secutus

386 2393 527 2436 edidit,
561 2406 641 2427 cum
660 2394 812 2427 extortis
832 2393 923 2426 talis
943 2405 1022 2425 cum
1043 2392 1242 2426 crocotillis
1266 2390 1453 2426 crusculis.
1499 2392 1605 2427 Haec
1625 2397 1684 2426 est

388 2440 517 2483 lectio,
569 2450 639 2473 uae
654 2439 755 2473 Festi
773 2438 1000 2474 auctoritate
1020 2437 1274 2471 confirmatur.
1323 2438 1427 2472 Haec
1444 2448 1536 2472 vero
1553 2444 1683 2472 aucto-

390 2486 484 2520 ritas
500 2497 528 2529 ¹11
590 2484 597 2491 '
628 2496 644 2518 s
665 2485 748 2519 fere
768 2491 825 2531 est
844 2483 1041 2525 momenti,
1055 2495 1140 2518 cum
1149 2485 1279 2517 Festus
1298 2483 1381 2529 ipse
1390 2482 1462 2518 sihi
1482 2489 1682 2530 repugnet.

370 2567 372 2572 ,
393 2532 492 2566 Nam
511 2529 653 2576 duplici
671 2530 784 2565 modo
804 2531 850 2564 ab
870 2541 916 2565 eo
933 2530 1118 2574 allegatur
1136 2528 1198 2562 hic
1216 2529 1334 2564 locus.
1377 2529 1473 2563 Vide
1487 2532 1585 2565 Fest.
1602 2540 1632 2563 s.
1645 2541 1680 2564 v.

398 2575 617 2613 Succrotilla
635 2582 673 2611 et
693 2577 760 2610 sub
777 2589 812 2611 v.
840 2577 942 2610 Todi.
989 2575 1095 2609 Nihil
1122 2574 1241 2620 igitur
1264 2575 1424 2619 mirum,
1448 2586 1531 2610 ⁴me
1549 2576 1595 2610 ab
1614 2575 1683 2609 Pe—

393 2629 451 2660 sto
474 2620 679 2657 ‘discedere
706 2633 837 2657 ausum
859 2633 928 2668 pro
958 2620 1119 2662 todillis,
1182 2621 1256 2655 uod
1282 2621 1349 2655 ille
1375 2621 1509 2664 habet,
1543 2621 1683 2654 tudinis

391 2668 575 2717 posuisse.
624 2670 705 2713 Nec
741 2674 870 2702 tamen
899 2673 1066 2709 temere,
1111 2678 1151 2700 se
1189 2692 1199 2709 ‚
1245 2667 1346 2713 quod
1370 2666 1525 2712 plurimi
1550 2665 1685 2711 procul

395 2715 508 2752 dubio
538 2720 619 2758 est,
658 2714 868 2750 MSSorum
903 2712 1128 2750 auctoritate
1154 2719 1284 2748 nostra
1310 2713 1426 2749 lectio
1452 2711 1682 2749 defenditur.
