1748 3112
268 245 348 285 502
607 244 736 286 LIB.
767 243 818 288 X.
877 241 1024 287 CAP.
1057 243 1163 285 Vll.
1196 245 1334 289 VIII.

275 360 456 399 ductam
484 366 585 397 ante
610 371 669 411 po
701 354 936 404 habentia,
969 369 995 397 ο
1019 354 1067 397 in
1091 354 1128 397 si
1163 355 1484 400 convertentia.
1503 357 1681 401 faciunt

275 412 591 479 praeteritum,
634 423 684 454 ut
699 413 865 479 scalpo
897 411 1077 477 scalpsi,
1120 414 1275 468 sculpo
1311 413 1498 479 sculpsi,
1551 430 1682 471 carpo

280 469 455 536 carpsi&
466 484 571 525 repo
597 467 726 525 repsi,
759 483 884 525 serpo
912 468 1068 526 serpsi,
1100 483 1228 525 eat-po
1256 469 1414 526 sarpsi.
1474 474 1684 515 Lucanus

280 526 330 572 iu
354 525 510 568 tertio.
547 527 632 565 Sed
644 542 722 579 per
746 531 826 565 iter
852 529 1023 580 longum
1045 542 1179 566 causa
1201 542 1357 580 repsere
1380 530 1544 569 latenti.
1605 531 1700 571 Su·'

281 585 388 642 pina
408 583 457 623 in
481 582 524 638 pi
545 581 728 638 quidem
758 581 1097 624 terminatorum
1122 581 1240 623 fiunt
1277 594 1448 624 mutata
1468 584 1482 625 i
1503 583 1548 626 in
1569 595 1682 632 tum.

282 652 335 683 ut
365 639 466 704 rupi
498 650 695 695 ruptum.
756 642 808 680 ln
841 638 889 680 ui
922 653 1028 680 vero
1067 638 1310 704 &paratam
1344 642 1563 682 subtracta
1586 657 1617 682 u
1641 652 1686 682 et

284 695 432 745 addita
460 707 579 743 tum,
610 695 780 751 strepui
809 694 1059 747 strepitum.
1120 699 1169 737 In
1202 695 1273 751 psi
1300 707 1448 738 autem
1480 696 1686 740 exeuntia

285 754 535 795 secundum
567 752 862 808 supradictam
892 754 1105 817 regulam,
1138 764 1309 794 mutata
1340 752 1378 794 εἰ
1410 752 1459 795 in
1490 764 1604 804 tum,
1636 764 1690 795 ut

285 807 444 874 scalpsi
474 810 719 865 scalptum.
749 808 921 874 sculpsi
944 810 1197 873 sculptum,
1228 808 1347 865 repsi
1369 821 1566 866 reptum,
1599 825 1688 852 car·

287 882 359 924 p51
394 877 612 931 carptum.
673 869 724 908 In
762 879 811 906 ro
842 863 970 906 finita
1001 881 1078 921 per
1122 864 1170 906 vi
1203 867 1412 919 syllabam
1446 866 1690 908 terminant

286 922 605 989 praeteritum,
637 932 686 963 ut
718 932 812 962 tero
842 920 971 969 trivi,
1005 935 1169 986 quaero
1200 921 1424 978 quaesiti,
1454 938 1552 964 aero
1577 922 1688 964 seria

289 978 404 1030 sevi3
437 993 542 1020 nam
575 993 674 1020 sero
695 993 825 1028 seras,
860 992 883 1019 a
903 992 994 1019 sera
1022 977 1175 1020 obdita
1197 990 1369 1026 natum,
1399 978 1544 1020 seravi
1565 978 1690 1022 facit.

222 1049 264 1081 μ
290 1040 324 1080 A
347 1050 443 1077 sero
461 1034 570 1077 seris
592 1033 689 1080 sevi
716 1045 865 1076 tamen
892 1034 1157 1099 composita,
1190 1036 1369 1090 quando
1386 1046 1563 1077 mutant
1585 1035 1690 1077 aim·

290 1091 424 1157 plicis
455 1090 855 1156 significationem,
886 1106 965 1147 per
987 1090 1035 1132 ui
1068 1103 1284 1147 separatas
1315 1092 1552 1156 proferunt
1573 1106 1693 1157 prae-

292 1148 492 1197 teritum,
508 1162 534 1189 o
551 1147 599 1189 in
613 1147 659 1189 ui
675 1162 900 1191 conversa.
940 1151 1105 1189 Desero
1119 1163 1203 1213 pro
1221 1147 1484 1204 derelinquo
1499 1147 1690 1191 deserui.

291 1209 447 1248 Insero
462 1219 560 1271 pro
593 1203 791 1245 immitto
820 1203 1003 1247 inserui.
1063 1203 1109 1246 Si
1133 1204 1255 1246 enim
1279 1206 1334 1246 de
1353 1206 1509 1246 arbore
1530 1204 1690 1254 dicam,

292 1263 440 1303 insero
459 1259 600 1302 insevi
625 1261 745 1308 facit,
778 1271 823 1302 et
852 1260 1145 1317 participium
1169 1259 1347 1308 insitus.
1378 1275 1472 1303 non
1491 1260 1692 1304 insertus.

291 1322 327 1360 V
331 1317 537 1374 irgilius'
523 1332 573 1358 ιιι
589 1316 836 1360 Bucolicis:
867 1321 1008 1359 Insere
1035 1334 1162 1366 nuno,
1191 1320 1402 1367 Meliboee,
1423 1322 1562 1372 piros,
1587 1334 1696 1372 pone

293 1377 438 1415 ordine
458 1372 831 1416 vites.1dern'1n
855 1375 1053 1416 secundo
1074 1373 1422 1439 Georgicorum:
1451 1377 1696 1416 Matutam-

292 1448 370 1485 que
391 1435 527 1472 insita
556 1433 675 1470 mala
695 1431 815 1483 ferre
835 1434 994 1483 pirum.
1051 1429 1354 1472 Vetustissimi
1387 1441 1536 1472 tamen
1557 1429 1694 1473 etiam

290 1489 339 1530 in
370 1486 576 1552 simplici
587 1485 716 1527 merui
747 1484 990 1550 protulisse
1018 1484 1335 1534 inveniuntur,
1366 1501 1446 1543 pro
1481 1485 1694 1528 ordinavi

293 1556 338 1586 et
365 1559 447 1600 pro
481 1542 594 1587 sevi.
654 1543 825 1583 Ennius
856 1557 904 1582 ιιι
938 1541 1220 1597 Praeceptis:
1269 1546 1350 1583 Ubi
1379 1544 1492 1582 videt
1517 1559 1698 1584 avenam

292 1604 442 1641 lolium
465 1615 644 1640 crescere
674 1603 783 1639 inter
804 1602 1013 1646 triticam,
1044 1601 1207 1651 seligit,
1239 1603 1428 1647 secernit,
1463 1601 1609 1654 aufert
1630 1615 1698 1640 se..

291 1660 408 1706 άιιίο,
435 1659 508 1697 ubi
530 1672 699 1709 operam
727 1657 899 1694 addidit
922 1671 1051 1708 quam
1082 1665 1203 1695 tanto
1225 1658 1368 1696 studio
1389 1660 1531 1697 seruit.
1591 1659 1694 1698 Duo

290 1713 593 1755 inveniuntur
622 1709 901 1776 supradictae
929 1711 1260 1754 terminationis
1291 1714 1447 1760 verba,
1479 1726 1594 1768 quae
1618 1713 1698 1754 du·

293 1769 464 1826 plicant
493 1785 535 1812 ss
559 1779 660 1810 ante
680 1767 696 1808 i
719 1767 767 1808 in
792 1766 1058 1832 praeterito,
1090 1782 1195 1823 gero
1225 1768 1367 1834 gessi.
1400 1779 1445 1809 et
1474 1783 1554 1810 uro
1587 1766 1697 1812 usai.

293 1829 430 1869 Verro
461 1825 584 1868 enirn
612 1826 863 1866 secundum
897 1823 1104 1866 Servium
1138 1825 1256 1866 versi
1287 1825 1416 1873 facit,
1449 1826 1698 1868 necandum

294 1883 431 1926 Chm
418 1898 551 1926 1s1um
573 1893 723 1926 autem
745 1880 885 1925 verri.
919 1881 1041 1936 quod
1064 1890 1108 1924 ct
1128 1894 1232 1923 usus
1258 1883 1530 1949 comprobat.
1578 1880 1705 1927 Lici·-

300 1940 408 1981 nius
433 1943 589 1982 Macer
612 1952 691 1992 pro
715 1936 895 1982 Tuscis:
921 1939 1041 1987 Quos
1063 1941 1249 1989 oportuit
1276 1943 1438 1979 amissa
1466 1942 1696 1984 restituere,

300 1998 416 2036 hicce
444 2000 574 2036 etiam
605 1996 811 2047 reliquias
853 2002 1105 2032 averrerzmt.
1174 1993 1361 2037 Publius
1387 1993 1436 2034 in
1463 1996 1700 2038 Murmun-

191 2065 282 2100 vul
301 2055 463 2097 thone:
497 2053 634 2095 Cellas
667 2065 877 2098 servorum
905 2052 1107 2093 converri.
1167 2051 1309 2095 Curro
1340 2048 1477 2094 etiam
1506 2048 1700 2113 repetita

232 2123 278 2161 45

346 2205 523 2236 Lucanus
543 2203 584 2237 in
600 2201 723 2237 tertio.
746 2211 801 2234 vs.
820 2203 901 2245 458.

347 2248 381 2292 S.
403 2260 468 2291 42..
491 2250 592 2296 Vir-g.
615 2249 656 2281 in
675 2250 766 2281 Buc.
793 2247 859 2290 IX,
879 2256 935 2290 50.
985 2244 1120 2279 Idem'
1106 2257 1146 2278 m
1164 2247 1219 2279 ῙῙ
1243 2247 1369 2289 Geor-g.
1391 2255 1445 2278 vs.
1464 2254 1522 2289 33.

346 2293 485 2345 seligit.
526 2291 656 2338 Vulgo
684 2293 827 2344 selegit.
875 2293 996 2325 Recte
1014 2290 1102 2332 hoc,
1127 2290 1160 2323 si
1180 2289 1379 2336 intellegis,
1401 2289 1551 2335 collegia
1567 2287 1702 2323 scribi-

392 2345 469 2376 tur.
517 2339 678 2373 Codices
698 2337 813 2372 etiam
834 2337 971 2382 seligit.
1021 2337 1201 2369 Licinius.
1232 2336 1315 2369 MS.
1338 2336 1439 2380 Lips.
1465 2347 1497 2369 2.
1516 2334 1700 2368 Lucilius.

346 2385 506 2422 Publius
534 2386 574 2418 in
593 2383 889 2419 Murmunthone
929 2381 1043 2416 Edidi
1060 2381 1342 2425 Mutpmntlzone
1371 2392 1442 2426 pro
1470 2380 1570 2425 vulg.
1601 2390 1702 2413 muro

318 2444 325 2449 ·’
394 2434 549 2467 ,illutone
574 2429 781 2463 secundum
810 2427 902 2462 Cod.
935 2428 1068 2461 Zwicc.
1103 2440 1133 2461 1.
1190 2426 1265 2459 Alii
1291 2438 1389 2460 muro
1420 2426 1617 2460 munthone
1640 2423 1702 2459 vel

377 2471 581 2511 'muniones
627 2474 803 2509 Heidelb.
826 2464 1096 2509 Mur-mathone.
1145 2473 1237 2506 Ger.
1267 2473 1322 2506 Io.
1342 2472 1495 2506 Vossius
1522 2471 1637 2506 etiam
1655 2469 1704 2504 de

396 2523 438 2559 A.
462 2523 510 2557 G.
535 2523 625 2566 Cap.
647 2533 704 2573 3⁰:
725 2532 761 2573 Ρ
785 2531 865 2563 3¹2
889 2531 921 2558 a.
942 2519 1110 2552 incertus
1130 2518 1226 2560 fuit,
1252 2519 1442 2563 quomodo
1468 2517 1542 2551 hoc
1560 2527 1703 2550 nomen

354 2568 356 2571 ’
390 2568 550 2608 fabulae
567 2565 629 2601 vel
647 2566 756 2600 mimi
776 2565 1017 2602 scribendum
1031 2571 1145 2607 esset,
1169 2564 1403 2610 notavitque,
1422 2564 1462 2597 in
1482 2575 1549 2597 suo
1562 2562 1704 2596 Codice

394 2613 473 2659 legi
501 2620 687 2648 muntone.
735 2614 767 2646 F
770 2611 830 2646 dd
848 2613 947 2645 Ven.
972 2624 1002 2645 1
1027 2624 1058 2646 2.
1078 2622 1178 2644 muro
1204 2611 1411 2644 manthana.
1458 2611 1629 2653 Recepta
1648 2608 1706 2641 le-

395 2661 471 2694 ctio
498 2658 637 2694 nititur
663 2665 770 2693 certe
791 2658 1019 2692 auctoritate
1039 2657 1227 2690 bonorum
1251 2656 1444 2698 Codicum,
1481 2660 1703 2706 quamquam

315 2715 346 2734 <f
393 2706 435 2740 in
454 2704 536 2749 ei'us
551 2705 709 2751 ‘generis
734 2703 854 2738 causis
873 2703 1001 2738 nullus
1030 2703 1114 2737 fere
1136 2702 1263 2736 Codex
1280 2708 1357 2736 uun
1377 2704 1496 2738 bonus
1506 2707 1587 2744 βπ,
1612 2699 1704 2746 quin

391 2753 531 2793 melior
552 2762 640 2791 esse
660 2763 745 2798 pose
731 2750 790 2785 cit.
