1748 3112
286 213 364 273 198
715 215 837 257 mn.
868 216 942 256 V„
973 213 1122 256 “CAP.
1153 215 1233 256 1x.

283 327 473 394 generali
501 326 686 369 nomine
708 329 865 370 cadant
879 326 1085 370 omnium
1103 326 1668 394 specialiumnominativi.
1711 325 1716 328 i

285 385 373 427 Sed
406 382 443 425 si
470 386 558 426 hoc
587 399 710 427 casus
740 396 807 426 est
837 384 1074 433 dicendus,
1115 398 1269 426 omnes
1294 395 1449 451 ραι-ως
1445 383 1672 427 orationis

272 452 475 507 >possunt
492 441 637 483 videri
661 457 811 484 casum
835 443 1008 484 habere.
1066 445 1125 484 Et
1147 443 1332 483 verbum
1354 440 1500 493 enim,
1533 453 1576 484 et
1598 442 1672 484 ad·

285 496 519 546 verbium,
542 509 597 539 et
617 497 900 551 conjunctio,
932 514 952 539 a
975 496 1163 554 generali
1186 500 1344 547 verbm
1379 509 1441 541 et
1440 497 1671 553 adverbio,

287 565 332 596 et
353 554 672 620 conjunctione
701 554 899 598 cadunt
886 571 935 596 ιιι
965 555 1171 620 speciales
1202 554 1457 620 positiones
1473 549 1676 620 singula·

215 626 261 662 47
285 626 400 676 rum,
459 610 547 653 Alii
564 623 713 654 autem
736 612 916 660 dicunt,
948 611 1103 668 quod
1089 627 1179 677 ips-a
1202 611 1456 654 terminatio
1474 611 1676 654 nomina·

285 667 370 709 tivi
402 670 563 710 cadens
595 667 644 710 in
672 668 775 711 alias
808 668 1003 711 diversas
1030 668 1366 711 terminationes
1398 682 1490 710 non
1518 668 1676 710 incon·

285 739 393 780 grue
418 739 542 766 casus
565 725 851 773 nominatur,
885 741 988 768 cum
1019 736 1223 767 naturam
1244 727 1420 774 habeat,
1451 737 1501 766 ut
1523 726 1677 766 cadere

284 781 447 846 possit,
483 793 527 823 et
548 783 746 825 cadendo
775 781 908 824 faciat
927 796 1081 824 omnes
1101 795 1247 830 casus3
1278 781 1449 847 quippe
1476 793 1602 824 catus
1614 779 1677 822 di·

287 836 404 879 citur
434 853 526 880 non
551 841 697 880 solum
718 839 845 889 illud,
876 838 924 880 in
947 840 1069 894 quod
1092 838 1210 880 cadit
1231 838 1417 904 aliquid,
1449 840 1526 880 sed
1539 837 1678 879 etiam

286 892 383 950 ipsa
412 910 503 942 res,
546 910 653 962 quae
683 895 813 938 cadit.
874 897 1005 939 Unde
1032 906 1182 952 aptota
1204 895 1362 937 dicunt
1391 894 1463 936 illa
1491 894 1677 939 nomina

289 950 542 993 doctissimi
570 952 732 995 artium
767 951 1024 1018 scriptores,
1067 967 1181 1007 quae
1210 951 1541 993 nominativum
1575 961 1679 991 tan-

288 1018 389 1048 tum
412 1010 576 1050 habent
596 1024 770 1052 casum.
810 1009 857 1050 in
885 1023 971 1066 quo
1003 1009 1220 1051 refutatur
1247 1008 1427 1051 illorum
1447 1007 1579 1057 ratio,
1600 1001 1680 1070 qui

289 1063 402 1113 idea
406 1076 585 1129 putant
615 1081 716 1108 eum
756 1081 904 1108 casum
931 1065 1237 1113 nominatum,
1282 1065 1402 1121 quod
1429 1078 1456 1106 a
1484 1059 1682 1121 generali

288 1120 477 1162 nomine
498 1125 633 1165 cadat.
693 1126 931 1166 Possumus
961 1133 1108 1163 autem
1136 1132 1178 1162 et
1209 1135 1231 1162 a
1257 1127 1450 1173 majore,
1489 1131 1533 1162 et
1553 1135 1576 1161 ιι
1598 1119 1681 1161 fre-

292 1178 526 1244 quentiore
556 1190 676 1231 parte
703 1194 911 1227 casuum,
955 1177 1034 1234 qui
1063 1190 1163 1219 sunt
1189 1177 1385 1235 obliqui,
1417 1179 1538 1220 hunc
1564 1189 1682 1240 quo-

290 1241 381 1299 'que
409 1234 608 1300 accipere
634 1236 944 1285 nominatum,
988 1236 1210 1299 quomodo
1239 1246 1283 1276 et
1302 1236 1488 1287 syllabas
1509 1247 1573 1275 ex
1582 1231 1683 1274 sin-

289 1290 406 1346 gulis
443 1291 675 1343 vocalibus
706 1292 912 1335 dicimus.
973 1294 1085 1356 Ergo
1118 1290 1354 1355 singularis
1383 1304 1562 1346 quoqne
1592 1303 1682 1330 nu-

289 1362 439 1389 merus
466 1349 579 1390 bene
611 1347 798 1398 dieitur,
841 1350 961 1405 quod
988 1347 1082 1404 ipse
1109 1347 1358 1404 geminatus
1389 1358 1433 1388 et
1463 1344 1684 1412 multipli-

290 1413 417 1446 catus
441 1405 548 1446 facit
579 1420 735 1447 omnes
765 1419 996 1446 numeros.
1039 1415 1084 1446 et
1111 1405 1230 1469 quod
1261 1418 1416 1445 omnes
1433 1418 1617 1447 numen
1631 1416 1685 1444 ex

220 1476 266 1516 43
290 1458 387 1516 ipso
420 1473 782 1527 componuntur,
818 1473 861 1503 et
882 1461 929 1502 in
963 1460 1108 1526 ipsum
1135 1460 1448 1503 dissolvuntur.
1510 1462 1573 1502 Et
1587 1458 1685 1501 sin-

291 1515 458 1582 gularis
486 1517 671 1574 quidem
704 1533 914 1559 numerus
936 1517 1091 1559 finitus
1112 1528 1200 1566 est;
1240 1517 1422 1574 pluralis
1449 1531 1554 1559 vero
1577 1514 1684 1559 infi-

292 1572 431 1615 nitus.
495 1576 614 1618 Cum
639 1575 759 1617 enim
790 1574 891 1616 dico
916 1576 1075 1639 hoino,
1119 1585 1290 1616 certum
1318 1585 1384 1615 est
1415 1574 1472 1615 de
1499 1587 1592 1615 uno
1615 1571 1685 1612 di-

294 1643 415 1671 cere:
450 1645 554 1672 cum
575 1645 680 1673 vero
709 1630 938 1679 homines,
972 1630 1192 1672 incertum
1216 1642 1294 1679 est,
1330 1633 1383 1672 de
1414 1642 1538 1695 quot.
1571 1632 1686 1672 Nam

294 1701 318 1727 a
339 1688 511 1728 duobus
542 1702 681 1744 usque
710 1689 761 1728 ad
790 1687 1136 1729 innumerabiles
1168 1686 1425 1729 extenditur
1457 1683 1685 1753 significa-

293 1739 593 1801 ti0.1taque
613 1755 770 1786 natura
793 1759 1062 1786 numentum
1078 1758 1255 1809 quoque
1276 1755 1496 1786 certorum
1511 1741 1687 1785 invenit

239 1797 243 1804 ‘
292 1799 504 1850 nomina,
546 1799 710 1858 quibus
739 1801 959 1866 adjunctis
993 1801 1105 1842 nihil
1137 1802 1248 1841 ultra
1286 1800 1484 1864 citraque
1514 1798 1684 1842 intelli-

292 1871 394 1920 gere
415 1855 576 1906 liceat,
606 1868 657 1899 ut
686 1856 892 1899 homines
920 1860 1031 1905 duo,
1063 1868 1265 1909 centum,
1306 1856 1424 1898 mile.
1465 1858 1580 1913 Ergo
1601 1856 1686 1920 du-

291 1911 559 1955 bitationem
598 1913 840 1980 pluralium
877 1913 1061 1956 discutit
1092 1913 1321 1966 adjunctio
1354 1927 1509 1956 eorum
1539 1910 1686 1954 nomi-

293 1984 427 2018 num,
472 1984 584 2035 quae
614 1969 802 2036 singulis
833 1969 1032 2012 numeris
1065 1981 1167 2012 sunt
1188 1969 1388 2026 propria,
1418 1983 1524 2021 suae
1545 1972 1688 2020 cujus·

293 2025 393 2066 dam
415 2025 676 2082 positionis,
717 2026 881 2092 quippe
909 2042 1012 2069 cum
1033 2026 1123 2069 sint
1151 2027 1335 2084 pluralia
1365 2041 1456 2068 ιιοιι
1478 2041 1499 2067 a
1527 2024 1688 2082 singu-

293 2080 459 2123 laribus
488 2094 603 2126 nata.
663 2083 828 2127 omnia
860 2083 979 2126 enim
1012 2099 1036 2125 a
1076 2098 1122 2126 se
1152 2095 1422 2137 nascuntur;
1461 2094 1565 2125 uam
1597 2083 1688 2124 duo

342 2247 416 2281 sad
430 2247 465 2281 si
483 2247 551 2281 hoc
572 2259 682 2283 casus
698 2254 756 2282 est
775 2249 961 2282 dicendus.
986 2248 1110 2292 Vulgo
1131 2247 1174 2282 ob
1191 2248 1269 2281 hoc.
1295 2249 1338 2280 Ῐιι
1357 2244 1552 2280 nonnullis
1565 2235 1683 2279 codd.
1722 2241 1727 2244 ⁴

388 2292 432 2328 ob
451 2303 564 2339 supra
580 2294 764 2340 scriptum
780 2300 848 2328 est.
898 2293 1001 2339 Lips.
1020 2305 1052 2338 5.
1072 2299 1231 2338 praeter.
1280 2291 1429 2337 Expuli-

339 2356 377 2406 ς.
398 2372 454 2407 47.
483 2362 614 2416 quippe
640 2374 749 2396 casus
780 2362 926 2397 dicitur.
974 2363 1032 2395 Ita
1059 2367 1179 2404 recte,
1214 2367 1321 2414 puto,
1356 2358 1686 2395 Codd.1‹:r1.1.2.

389 2407 526 2442 Dresd
548 2407 649 2454 Lips.
669 2420 700 2444 2.
723 2408 818 2442 Edd.
841 2409 931 2442 Ven.
958 2420 987 2442 ι
1009 2420 1042 2442 2.
1090 2407 1227 2452 Vulgo,
1252 2409 1385 2453 quippe
1405 2407 1439 2440 si
1459 2416 1581 2441 casus.

280 2471 288 2477 ’
343 2475 383 2510 in
412 2475 508 2530 quod
531 2477 632 2511 cadit
662 2477 815 2522 aliquid.
865 2478 974 2512 eadit
1001 2477 1090 2511 dedi
1117 2488 1187 2523 pxo
1217 2477 1329 2516 cadat
1357 2487 1379 2511 e
1412 2477 1522 2512 MSS.
1552 2475 1688 2511 Er1.1.

320 2564 322 2567 .
378 2521 493 2568 Lips.
516 2535 546 2558 2.
566 2521 704 2558 Dr'esd.
725 2522 820 2557 Edd.
840 2524 933 2557 Ven.
959 2535 988 2558 1.
1010 2536 1040 2558 2.
1064 2525 1103 2557 in
1131 2534 1200 2569 quo
1228 2523 1350 2556 cadat.
1387 2522 1576 2568 refutatur
1600 2521 1690 2563 illo-

390 2580 471 2604 rum
494 2569 604 2602 ratio.
653 2569 716 2605 Sic
741 2569 861 2604 Godd.
891 2570 1024 2605 Zwicc.
1055 2582 1088 2604 2.
1116 2568 1254 2605 Dresd.
1288 2568 1389 2614 Lips.
1421 2581 1450 2603 1.
1480 2580 1514 2614 5.
1546 2567 1625 2602 Erl.
1659 2579 1688 2601 1.

389 2610 532 2660 Vulgo,
553 2626 685 2649 eorum.

346 2678 383 2707 et
409 2673 455 2707 in
478 2673 599 2718 ipsam
625 2672 888 2708 dissolvuntur.
935 2674 1008 2707 Pro
1037 2672 1273 2708 resolvuntur
1290 2671 1376 2706 dedi
1394 2684 1416 2706 e
1437 2670 1559 2707 Codd
1577 2670 1688 2706 Luth.

394 2719 528 2753 Zwic'c.
550 2718 686 2754 Dresd.
709 2718 811 2766 Lips.
837 2731 867 2754 1.
888 2732 918 2756 2.
942 2731 974 2765 5.
996 2719 1075 2754 Erl.
1099 2731 1128 2753 1.
1153 2731 1184 2754 2.
1209 2718 1470 2753 dissolvuntur.
