1748 3112
293 236 390 311 482*
682 265 815 310 Lm.
853 264 904 306 x,
926 262 940 274 ·
963 263 1105 307 CAP.
1138 266 1199 306 11.
1229 235 1315 305 ιιι.

298 379 481 440 quidem
514 379 740 422 desinente
771 377 1037 445 penultima,
1071 393 1097 421 o
1132 389 1373 421 extremam
1393 377 1442 420 in
1467 378 1491 420 i
1503 389 1692 422 conver·
1733 376 1735 386 ‘

298 449 415 487 tunt,
448 449 492 480 et
512 436 684 478 ficiunt
712 435 1013 492 praeteritum,
1048 447 1096 477 ut
1120 438 1246 478 solvo
1273 435 1403 484 solvi,
1432 437 1570 478 volvo
1588 438 1693 478 vol-

300 496 360 550 vi,
392 497 518 537 calvo
545 491 675 535 calvi.
740 494 864 536 Unde
887 492 1102 535 Salustius
1130 492 1179 533 in
1201 495 1273 537 111
1295 491 1630 539 Historiarum
1616 507 1693 534 in-

302 531 484 596 firiitum
502 548 679 615 ’passivi
711 548 922 615 protulit.
958 551 1115 590 Contra
1145 553 1221 589 ille
1251 552 1367 590 calui
1397 559 1544 598 ratus,
1577 547 1691 590 calvi

299 625 380 680 pro
415 605 578 663 decipi
639 606 791 671 Vocali
823 619 928 648 vero
962 618 1120 648 natura
1152 608 1284 670 longa
1322 607 1613 648 antecedente
1634 619 1692 648 vo
1731 628 1737 632 >

300 671 349 712 in
372 665 416 708 xi
441 662 722 707 convertitur
747 662 794 704 in
819 662 1071 719 praeterito,
1096 675 1148 704 ut
1169 678 1279 705 vivo
1301 661 1408 706 vixi.
1469 662 1694 719 Supinum
1735 697 1739 706 2

300 726 318 768 i
340 723 388 765 iu
411 733 507 764 tum
530 719 837 762 convertentia
866 720 1051 768 faciunt,
1080 732 1109 761 u
1142 719 1392 762 necessario
1413 719 1462 761 in
1491 720 1692 761 vocalem

297 782 537 826 redeunte,
568 777 682 819 solvi
702 778 922 825 solutum,
955 775 1080 818 volvi
1101 776 1317 818 volutum.
1378 775 1453 818 Sic
1474 778 1607 818 debet
1625 785 1692 817 et-

297 838 390 880 iam
416 833 532 877 calvi
564 835 763 876 calutum
795 834 962 880 facere,
996 834 1115 889 quod
1138 840 1287 896 tstmen
1319 832 1370 874 in
1393 846 1479 875 usu
1498 846 1591 875 non
1614 831 1703 874 in?
1741 833 1743 836 ⁴

295 892 428 936 veni·
463 902 506 934 et
525 902 636 956 puto
669 889 943 932 calumniam
967 905 1019 931 ex
1040 893 1127 931 hoc
1149 904 1243 931 esse
1267 888 1531 933 derivatum.
1591 887 1691 930 Vixi
1740 902 1748 921 ι

296 962 447 993 autem
476 947 527 989 in
546 947 590 989 xi
610 946 948 989 terminantium
978 948 1174 1002 regulam
1209 957 1354 987 servat
1370 944 1419 986 in
1442 945 1607 1002 supino
1627 943 1693 986 vi-

211 1019 272 1055 111
297 1008 546 1051 ctum.1n
565 1007 623 1046 bo
647 1002 896 1046 desinentia
918 1005 1066 1069 uerba,
1093 1001 1239 1044 vocali
1267 1004 1412 1067 longa
1420 1003 1692 1044 anteceden-

232 1075 277 1111 14·
298 1077 342 1107 te
354 1092 367 1113 ,
412 1061 502 1107 bo
488 1075 537 1103 m
569 1061 638 1127 psi
673 1059 981 1102 convertentia
1014 1059 1188 1101 faciunt
1223 1057 1516 1115 praeteritum
1542 1058 1695 1123 perfe-
1734 1104 1736 1106 v

294 1132 434 1173 etum,
464 1129 515 1160 ut
537 1117 682 1159 scribo
710 1116 886 1181 scripsi,
921 1118 1044 1158 nubo
1074 1114 1219 1181 nupsi.
1264 1117 1502 1181 Nunquam
1525 1114 1735 1157 enimb'

295 1188 396 1221 ante
417 1192 436 1218 s
455 1176 503 1217 in
523 1170 752 1239 principio
785 1174 976 1227 syllabae
996 1184 1146 1229 potest
1172 1170 1386 1221 inveniri,
1418 1183 1468 1214 ut
1485 1172 1693 1215 Pseudo.-

295 1232 412 1282 lus,
399 1247 508 1290 ipse.
569 1230 665 1272 Alia
686 1244 791 1272 vero
814 1244 839 1271 o
863 1229 911 1271 in
931 1233 947 1271 i
970 1239 1149 1272 mutant
1164 1227 1211 1270 in
1232 1228 1483 1286 praeterito,
1514 1238 1567 1270 ut
1584 1227 1692 1270 bibo
1739 1251 1742 1252 ν

295 1289 407 1334 bibi.
467 1287 627 1332 Cicero
651 1286 698 1328 in
721 1290 898 1329 Verrem
929 1288 1152 1328 secundo.
1182 1289 1256 1327 An,
1277 1296 1466 1340 unquam
1487 1289 1564 1326 iste
1585 1285 1634 1325 de
1651 1301 1694 1325 ne

296 1350 450 1388 honam
466 1361 578 1400 spem
596 1346 824 1392 habuisset,
855 1347 941 1383 nisi
958 1345 1008 1383 de
1029 1344 1144 1383 vobis
1164 1347 1326 1383 malam
1342 1346 1575 1396 opinionem
1596 1346 1695 1382 ani·—
1735 1363 1739 1370 ¹

295 1420 361 1445 mo
392 1403 653 1443 imbibisset?
713 1398 905 1443 Ovidius
938 1398 987 1440 in
1018 1403 1088 1441 VI.
1110 1401 1553 1454 Metamorphoseon:
1589 1399 1695 1439 Ube-

296 1476 430 1524 raque
469 1459 682 1519 ebiberant
724 1458 844 1496 avida·
882 1459 1098 1496 lactantia
1133 1460 1240 1495 nati.
1303 1457 1472 1497 Lambo
1514 1468 1723 1511 quoque-

291 1514 446 1561 ]ambi.
482 1513 712 1556 Lucilius
741 1511 791 1553 in
821 1513 969 1554 XXIII.
1002 1513 1300 1566 soc-undasque
1315 1527 1422 1565 puer
1442 1516 1516 1566 qui
1534 1512 1694 1552 lambe-
1736 1511 1739 1515 ’

294 1585 366 1615 rat
385 1588 450 1612 ore
466 1574 698 1625 placentas
759 1567 980 1611 Similiter
999 1572 1128 1611 scabo
1153 1568 1286 1611 scabi.
1345 1569 1472 1609 Idem
1494 1567 1694 1610 Lucilius
1736 1573 1739 1577 ’

294 1630 346 1672 in
368 1630 436 1671 lX.
473 1628 677 1673 Scaberat
706 1636 753 1665 ut
778 1641 936 1678 porcus
966 1630 1163 1665 contritis
1192 1626 1336 1665 ar-bwe
1357 1628 1500 1666 costis
1558 1623 1693 1666 Exci-
1736 1645 1748 1705 Ξ

327 1687 419 1728 itur
451 1698 618 1733 unum,
661 1682 878 1746 incumbo
904 1681 1155 1730 incumbis,
1199 1683 1319 1746 quod
1352 1680 1498 1723 etiam
1524 1677 1692 1723 incubo
1737 1693 1748 1754 3

295 1743 481 1785 incubas
511 1741 762 1781 seeundum
810 1737 1004 1794 primam
1046 1737 1413 1802 conjugationem
1448 1738 1748 1794 profertur,

296 1800 420 1863 quod
442 1789 633 1838 incubui
656 1794 764 1836 facit
791 1796 1097 1859 praeteritum,
1137 1806 1180 1836 et
1201 1809 1353 1836 omma
1384 1809 1405 1834 a
1426 1795 1541 1835 cubo
1562 1807 1694 1835 com·-
1737 1789 1748 1853 5

293 1853 481 1917 posita,
491 1852 587 1894 sive
615 1851 800 1910 primae,
832 1849 930 1893 sive
964 1850 1121 1892 tertiae
1147 1850 1240 1893 sint
1271 1849 1610 1916 conjugationis,
1644 1860 1694 1891 ut
1726 1860 1748 1896 ¹

1726 1880 1748 1981 s}

1742 1978 1748 2012 i

1743 2014 1748 2037 l

295 1907 511 1954 accumbo
541 1909 611 1950 vel
641 1908 810 1950 accubo
846 1907 1054 1956 accubui,
1087 1906 1302 1949 incumbo
1335 1909 1406 1948 vel
1427 1906 1593 1948 incubo
1624 1906 1691 1947 in-

293 1958 449 2010 cubui.
496 1969 568 2008 Et
596 1977 716 2006 nunc
745 1962 926 2020 quidem
958 1963 1148 2029 simplex
1181 1978 1361 2014 eorum,
1401 1961 1450 2002 id
1481 1972 1547 2004 est
1573 1963 1693 2004 cubo

279 2025 442 2071 cubas,
465 2021 634 2085 primae
657 2029 722 2062 est
740 2019 1087 2084 conjugationis.
1147 2017 1449 2062 Vetustissimi
1473 2029 1620 2059 tamen
1643 2027 1690 2060 et
1741 2035 1748 2071 ξ

292 2083 403 2123 haee
430 2089 475 2120 et
503 2075 671 2125 omnia,
693 2090 805 2141 quae
839 2075 888 2116 in
918 2091 967 2116 ui
999 2073 1165 2117 divisas
1197 2074 1372 2117 faciunt
1400 2073 1692 2131 praeteritum
1739 2062 1748 2148 ᾗ

293 2131 543 2200 perfectum
567 2132 617 2174 in
636 2132 783 2197 prima
810 2131 1140 2187 conjugatione,
1175 2131 1311 2173 etiarn
1337 2132 1587 2173 secundum
1607 2143 1692 2182 ter·
1737 2134 1748 2186 ’,ι

228 2220 270 2256 15
296 2191 407 2233 tiam
426 2192 626 2245 solebant
645 2188 881 2231 declinare.
912 2188 1080 2253 Supina
1103 2202 1209 2230 vero
1233 2188 1279 2230 in
1302 2188 1370 2244 psi
1394 2181 1575 2244 quidem
1600 2199 1695 2229 ter-

293 2246 565 2290 minantium
580 2245 871 2311 praeteritum
883 2244 949 2300 psi
965 2245 1014 2286 in
1026 2256 1153 2308 ptum
1165 2253 1450 2291 convertunt,
1471 2255 1520 2285 nt
1533 2239 1737 2300 scripsi

293 2303 535 2368 scripturn,
578 2301 713 2366 nupsi
744 2313 954 2357 nuptum.
1011 2305 1063 2342 ln
1096 2301 1141 2342 bi
1169 2315 1276 2342 vero
1311 2310 1544 2341 assumunt
1577 2310 1689 2348 tum,
1732 2351 1734 2354 y

292 2360 503 2406 bibitum,
534 2357 789 2404 lambitum‚
822 2356 1093 2406 accubitum,
1128 2358 1242 2398 unde
1271 2367 1314 2397 et
1332 2354 1564 2397 accubitus
1581 2355 1692 2397 dici·
1737 2385 1740 2389 .

294 2427 379 2459 tur.
437 2418 495 2457 Et
515 2415 781 2460 notandum,
808 2414 947 2467 quod,
970 2427 1075 2455 cum
1095 2411 1247 2454 omnia
1269 2411 1317 2452 in
1339 2411 1375 2453 si
1401 2411 1690 2454 terminantia

292 2470 606 2531 praeteritum,
639 2467 757 2512 sicut
782 2483 913 2526 supra
939 2469 1199 2518 docuimus,
1234 2467 1282 2508 in
1312 2481 1413 2510 sum
1441 2467 1688 2510 terminent
1735 2467 1738 2508 ᾗ

316 2636 376 2680 5
403 2644 457 2678 14.
484 2634 557 2668 Cic.
578 2634 619 2667 in
633 2634 777 2669 Verrem
796 2633 966 2668 secundo.
991 2629 1072 2668 A'ct.
1094 2634 1124 2667 1.
1152 2645 1205 2677 ¹4·
1231 2630 1446 2667 Secundum
1459 2626 1542 2666 MS.
1551 2627 1686 2666 Zwiec
1734 2627 1738 2629 “

384 2692 416 2715 2.
438 2689 508 2724 pro
529 2680 600 2713 iste
619 2691 644 2712 u
696 2690 780 2713 uam
805 2678 939 2723 scripsi
950 2691 1118 2758 ἴηςιιαηι
1137 2680 1221 2713 iste.
1735 2704 1737 2706 .

337 2726 492 2761 Ovidius
507 2736 548 2759 m
567 2725 633 2762 VI
646 2690 802 2760 fferam.
825 2736 878 2758 vs.
1735 2705 1748 2795 ἐξ

334 2769 503 2806 Lucilius
522 2771 563 2804 in
580 2735 1198 2808 XX111.MS.Heid²elh.XXIV.
1245 2764 1518 2812 Prome-undas
1536 2765 1686 2803 restitui
1738 2783 1748 2824 ἑ
