1748 3112
385 178 402 187 κ

320 264 402 322 474
801 267 919 308 LlB.
952 268 998 307 Χ.
1062 266 1196 309 ΟΑΡ.
1232 268 1263 309 Ι.

311 386 457 434 juvat,
487 382 572 428 hic,
604 381 760 432 inqui-³,
791 389 880 420 veto
913 385 1137 435 quisquam
1155 382 1284 435 faxit
1319 384 1502 423 oletum..
1538 385 1708 425 Teren-x

319 436 410 480 tius
435 451 615 494 quoque
643 436 959 493 imperativum
989 442 1079 490 ejus
1103 438 1240 494 inque
1269 437 1317 479 in
1341 439 1611 490 Phormione
1631 453 1709 496 po-

317 494 430 536 suit:
471 498 576 534 Tum
597 503 736 533 autem
758 495 1037 548 Antiphonem
1059 496 1178 534 uideo
1203 496 1256 535 ab
1275 511 1358 535 sese
1376 501 1566 538 amittere
1591 500 1708 536 inui-

320 562 409 591 tum
428 567 535 597 eam,
566 554 700 605 inque.
739 553 856 606 Ergo
879 553 1127 592 secundum
1157 552 1402 607 analogiam
1425 552 1583 595 tertiae
1605 566 1708 594 con-

318 606 563 664 jugationis
583 606 815 649 invenitur
835 612 928 659 ejus
956 618 1045 648 tota
1069 608 1158 648 fere
1182 608 1424 651 declinatio
1442 608 1581 651 verbi.
1628 612 1740 652 Sua·

315 663 478 721 pinum
510 678 617 705 vero
649 666 701 705 ab
731 678 783 705 eo
816 678 908 704 non
940 663 1117 712 inveni,
1150 680 1232 706 nec
1258 680 1370 721 quae
1399 668 1544 708 solent
1574 667 1627 708 ab
1652 679 1706 707 eo

271 742 292 774 5
318 719 457 763 nasci.
523 725 574 762 ln
613 720 682 762 cio
715 735 736 760 a
768 722 1055 762 antecedente
1084 732 1259 762 mutant
1290 737 1382 763 eam
1413 723 1463 764 in
1494 724 1706 780 e‘produ-

316 789 455 826 ctam,
502 788 547 819 et
573 779 737 830 abjecta
768 791 794 817 o
824 779 1129 833 productaque
1162 778 1178 818 i
1207 777 1381 820 faciunt
1413 778 1708 836 praeteritum

313 834 587 891 perfectum,
607 846 670 875 .ut
699 833 814 875 facio
837 832 947 881 feci,
979 834 1092 886 jacio
1116 834 1215 886 jeci.
1275 839 1339 877 Ex
1359 835 1428 877 his
1458 834 1726 892 composita-

314 905 417 933 cum
446 890 772 948 praepositione
804 890 1008 945 quamvis
1035 890 1084 931 in
1106 891 1330 946 praesenti
1361 903 1535 934 mutant
1556 907 1578 933 a
1602 891 1650 932 in
1674 891 1706 940 i,

314 958 464 989 tamen
490 946 717 1006 praeteriti
745 949 943 1002 regulam
978 958 1167 994 servant.
1201 962 1312 1003 quae
1333 960 1399 990 est
1428 948 1476 989 in
1490 947 1706 1005 simplici-

312 1006 411 1053 bus,
435 1016 487 1046 ut
510 1003 654 1047 efficio
679 1003 821 1050 effeci,
842 1003 1029 1059 perficio
1052 1004 1234 1059 perfeci.
1293 1006 1399 1046 Ideo
1422 1015 1570 1046 autem
1594 1003 1703 1052 dixi.

313 1076 416 1103 cum
434 1059 763 1119 praepositione
785 1060 1032 1112 composita
1050 1072 1222 1102 mutare
1243 1075 1265 1102 a
1288 1060 1335 1102 in
1360 1061 1389 1107 i,
1405 1060 1524 1117 quia,
1546 1060 1583 1102 si
1601 1075 1706 1104 cum

312 1117 396 1160 alia
415 1130 539 1176 parte
564 1128 912 1172 componuntur,
944 1128 1121 1158 servant
1142 1131 1179 1166 a,
1205 1129 1258 1158 ut
1279 1117 1488 1159 calefacio
1509 1117 1707 1168 calefeci,

311 1174 530 1232 tepefacio
553 1173 756 1229 tepefeci,
789 1172 1045 1215 tremefacio
1073 1173 1316 1225 tremefeci‚
1347 1173 1594 1230 stupefacio
1616 1185 1706 1216 stu-

296 1231 469 1288 ‘pefecL
526 1229 695 1283 Abiicio
725 1244 904 1287 quoque
936 1229 1077 1282 abjeci
1111 1229 1238 1280 facit,
1286 1230 1483 1283 conjicio
1514 1229 1703 1283 conjeci,

310 1288 464 1342 injicio
504 1286 660 1340 injeci,
711 1285 901 1342 projicio
935 1285 1121 1342 projeci.
1197 1286 1435 1329 Invenitur
1461 1298 1612 1328 tamen
1642 1298 1703 1329 et·

308 1346 399 1387 iam
430 1343 642 1400 simplex,
675 1343 764 1385 icio
795 1343 889 1385 icis.
952 1345 1081 1385 Unde
1113 1341 1325 1399 Virgilius
1359 1343 1408 1386 in
1433 1346 1525 1386 xll.
1564 1347 1706 1384 Ictum

298 1407 399 1456 jam
419 1403 601 1456 foeda-9,
633 1410 672 1440 et
690 1416 831 1440 omnes
862 1404 1114 1453 compositae
1143 1402 1259 1453 leges,
1317 1399 1414 1443 Alia
1437 1399 1580 1442 verni
1602 1411 1705 1442 ante

310 1458 380 1501 cio
399 1456 608 1500 habentia
641 1458 830 1498 eandem
849 1455 864 1496 i
886 1455 934 1496 in
959 1470 983 1497 e
1013 1466 1299 1504 convertunt,
1331 1467 1375 1498 et
1396 1455 1466 1498 cio
1487 1456 1536 1498 in
1556 1456 1617 1506 xi,
1651 1468 1705 1498 ut

308 1514 479 1572 aspicio
511 1513 680 1579 aspexi,
713 1512 940 1568 conspicio
967 1512 1202 1568 conspexi,
1235 1512 1376 1554 illicio
1402 1513 1548 1564 illexi,
1580 1513 1704 1570 pelli-

308 1571 379 1614 cio
411 1573 588 1627 pellexi.
656 1568 894 1626 Excipitur
928 1567 1057 1610 elicio
1100 1567 1249 1610 elicui.
1317 1569 1471 1610 Livius
1498 1571 1552 1611 ab
1585 1570 1704 1612 Urbe

308 1627 489 1671 condita
520 1627 681 1669 lib.'V.
727 1629 799 1669 Ad
824 1629 1082 1679 colloquium
1110 1636 1249 1665 vatem
1283 1629 1442 1666 elicuit.
1504 1630 1561 1669 Et
1591 1637 1701 1683 puto
1741 1670 1746 1674 ,

308 1684 427 1739 ideo,
459 1700 531 1737 ne,
553 1682 588 1725 si
610 1682 718 1725 elexi
751 1682 1015 1730 diceremus,
1046 1681 1295 1723 necessario
1314 1681 1599 1747 participium
1619 1683 1704 1724 ele·

307 1753 404 1784 ctus
435 1741 584 1789 fieret,
617 1752 661 1781 et
691 1750 805 1780 esset
836 1737 1060 1780 dubitatio
1091 1737 1451 1794 significationis.
1510 1738 1702 1781 Pellicui
1740 1762 1748 1772 ι

305 1812 488 1855 quoque
523 1811 605 1854 pro
645 1794 804 1854 pellexi
842 1806 1012 1836 veteres
1054 1796 1350 1850 protulerunt.
1412 1796 1607 1838 Laevius
1652 1795 1703 1837 in

306 1854 549 1898 Laudamia
562 1872 574 1896 z
604 1860 694 1897 Aut
714 1868 827 1893 nunc
847 1856 1072 1906 quaepiam
1093 1854 1184 1891 alia
1202 1861 1240 1891 te
1259 1855 1335 1892 illo
1356 1856 1550 1895 Asiatico
1570 1868 1699 1892 orna-

307 1923 356 1952 m
377 1915 565 1965 affluens,
596 1921 673 1951 aut
697 1911 911 1949 Sardiano
935 1924 987 1948 ac
1011 1910 1149 1962 lydio
1165 1909 1345 1963 fulgens
1365 1910 1521 1958 decore,
1552 1918 1590 1948 et
1602 1911 1697 1963 glo-

305 1973 376 2008 ria
390 1971 594 2022 pellicuit.
646 1968 731 2009 Sed
755 1963 995 2006 Terentius
1018 1964 1065 2004 in
1084 1965 1378 2006 Phormionet
1411 1969 1456 2005 Is
1476 1981 1697 2019 senemper
1735 2004 1738 2005 γ

304 2028 504 2079 epistolas
524 2026 717 2078 pellexit,
750 2023 870 2060 morlo
888 2036 970 2060 non
998 2029 1157 2060 montes
1178 2025 1277 2059 auri
1297 2024 1514 2074 pollicens.
1574 2026 1699 2063 luve-

305 2080 591 2124 nituretiam
621 2078 787 2121 allicuit
811 2088 854 2118 et
887 2075 1105 2132 pellicuit.
1164 2076 1267 2118 Piso
1294 2077 1591 2119 Historiarum
1611 2076 1698 2135 pri·

305 2135 405 2181 mo:
441 2139 571 2188 Cujus
599 2140 726 2177 unias
743 2136 934 2188 praemio
966 2135 1192 2173 multorum
1213 2136 1388 2174 allicuit
1411 2132 1599 2175 (mimos,v
1646 2137 1697 2177 P.

357 2302 548 2337 Terentius
569 2301 609 2333 in
622 2299 852 2334 Phormione·
878 2297 957 2331 Aet.
980 2296 1023 2331 V.
1047 2296 1104 2330 Sc.
1117 2308 1150 2342 7.
1173 2308 1226 2330 vs.
1249 2305 1302 2340 25.
1330 2302 1464 2337 autem,
1535 2296 1584 2331 od
1603 2297 1697 2331 omi—

323 2370 326 2375 ·
380 2352 529 2381 ‘senuit
557 2345 768 2386 editiones,
802 2341 1028 2377 Putschiana
1054 2341 1189 2384 etiam,
1214 2342 1359 2376 inserui
1385 2353 1407 2375 e
1434 2343 1489 2376 Co
1518 2342 1553 2376 d.
1580 2343 1693 2377 Luth.

395 2392 570 2427 Heidelb.
602 2390 735 2425 Zwicc:
759 2402 788 2423 1.
811 2401 842 2423 2.
875 2387 953 2422 Erl.
978 2399 1007 2422 1.
1030 2400 1063 2421 2.
1093 2388 1230 2422 Dresd.
1256 2388 1356 2432 Lips.
1377 2399 1410 2422 2.
1462 2389 1565 2423 Unus
1588 2399 1695 2423 meo·

346 2448 348 2451 ·
395 2449 482 2473 rum
496 2440 554 2479 ‚ad
571 2449 649 2471 sese
669 2437 862 2470 admittere
888 2444 957 2479 pro
976 2433 1022 2467 ab
1042 2446 1120 2467 sese
1143 2435 1325 2471 amittere.

351 2498 385 2542 §-
406 2508 439 2542 3.
466 2500 611 2528 mutant
632 2506 655 2526 a
674 2495 714 2527 in
733 2493 757 2528 i.
795 2498 941 2526 mutant
959 2490 1168 2525 secundum
1186 2491 1267 2525 MS.
1290 2490 1422 2526 Zwicc.
1447 2503 1477 2526 1.
1497 2491 1607 2537 posui
1625 2503 1694 2538 pro
1735 2517 1740 2522 .

398 2548 552 2576 mutent.
575 2541 668 2575 Mox
679 2544 941 2583 componuntur
961 2537 1171 2572 secundum
1180 2538 1262 2571 MS.
1277 2537 1377 2582 LiPS.
1389 2550 1421 2572 2.
1444 2543 1483 2573 et
1491 2537 1587 2572 Edd.
1599 2539 1692 2573 Ven.

402 2600 429 2623 ι.
456 2599 488 2623 2.
505 2597 574 2632 pro
603 2590 878 2630 componantur·

360 2637 459 2678 Virg.
482 2635 522 2667 in
546 2635 641 2667 XII.
659 2635 717 2665 vs.
738 2641 816 2675 514.

350 2678 551 2715 Liviuszab
580 2677 666 2711 urbe
686 2678 790 2710 cond.
814 2687 847 2710 v.
870 2675 953 2710 Ind.

346 2727 515 2765 maevius
533 2725 574 2757 in
585 2722 814 2758 'Laudaniim
862 2721 1071 2762 Editiones,
1097 2732 1145 2754 ne
1164 2720 1389 2755 Putschiana
1417 2719 1569 2766 quidem
1585 2729 1692 2753 exce-

397 2778 476 2818 pta,
500 2771 641 2805 Livius.
678 2769 756 2804 Erl.
779 2781 809 2803 2.
831 2769 1001 2804 Naevius.
1034 2767 1208 2802 Heidelh.
1229 2768 1382 2811 Levius,
1401 2778 1422 2800 e
1440 2776 1538 2800 corr.
1549 2766 1693 2800 Livius.
