1748 3112
241 224 322 268 542
383 219 389 225 ‘
555 223 687 267 ΜΒ.
718 227 827 268 v11.
875 205 1028 270 cap.
1060 229 1156 271 xv.
1188 228 1315 270 xvt

242 350 285 380 et
312 339 434 394 plura
469 337 686 391 dicimus:
730 338 931 396 quamvis
964 337 1100 383 etiam
1134 338 1308 396 antiqui
1339 338 1487 396 pluria
1518 338 1646 383 dixe-

240 406 362 437 runt.
423 397 552 438 Unde
610 395 910 453 compositum
979 395 1241 453 compluria.
1305 395 1545 439 Terentius
1596 395 1646 439 in

239 451 540 496 Phormione:
571 455 718 495 Malta
751 454 991 496 advenienti
1002 486 1016 504 ,
1057 464 1104 494 ut
1111 455 1174 504 fit
1185 485 1199 503 ‚
1238 470 1347 495 nova
1366 455 1437 494 hic
1455 456 1646 508 complu-

241 513 322 550 ria.
383 508 544 551 Cicero
560 510 615 550 de
637 508 812 574 Signis:
841 513 1048 553 Imo‘vero
1068 513 1162 551 alia
1185 514 1433 564 compluria.
1464 514 1515 552 ln
1540 508 1646 566 qui-

238 565 428 622 busdam
453 576 600 606 tamen
624 565 856 609 codicibus
888 566 1123 609 invenitur
1155 568 1397 625 complura.
1455 566 1643 612 ldem‘in

240 624 426 663 eodem:
460 625 567 664 Dies
608 627 825 665 continuos
859 628 1098 678 compluris.
1158 626 1279 666 Idem
1312 638 1390 675 pro
1428 622 1644 667 Caecina:

244 678 482 733 Compluris
513 691 710 722 armatos.
770 681 972 737 Gassueape
1004 695 1202 738 quoque,
1233 680 1353 723 sicut
1374 694 1507 736 supra
1530 677 1646 721 dixi-

242 750 364 783 mus,
399 746 444 777 et
473 736 720 778 ablativum
754 736 802 781 in
834 754 856 779 e
881 737 1118 785 terminat,
1149 740 1203 778 ab
1234 741 1320 779 hoc
1354 751 1570 794 gausape,
1603 746 1648 777 et

241 791 579 835 nominativum
596 795 809 850 pluralem
825 794 872 835 iu
895 810 917 835 a
940 793 1110 838 definit.
1171 797 1370 850 Gausapa
1391 793 1529 841 enim,
1555 806 1648 834 non

243 846 473 905 gausapia;
513 850 720 892 dicimus.
785 850 995 892 Horatius
1029 850 1077 891 in
1119 851 1316 892 secundo
1349 853 1646 893 Sermonum:

244 907 440 959 Gau-sape
474 922 682 960 purpureo
722 925 905 949 mensam
939 911 1137 961 pertersit
1180 923 1388 948 acernam.
1446 905 1647 949 Peisius:
1742 948 1744 950 ,

242 965 341 1014 ‚Iam
360 965 590 1005 chlamides
620 968 788 1017 regum,
818 970 918 1014 jam
950 968 1066 1004 lutea
1086 962 1283 1018 gaus-apd
1306 968 1453 1017 captis.
1512 963 1645 1018 Aplu-
1741 949 1748 1000 l

241 1030 330 1060 stre
350 1018 460 1060 item
487 1019 689 1076 quamvis
714 1020 847 1062 faciat
868 1021 1115 1062 ablativum
1145 1023 1197 1062 ab
1220 1023 1308 1066 hoc
1330 1018 1538 1076 aplustri,
1571 1031 1648 1059 no·

241 1074 515 1118 minativum
548 1087 694 1119 tamen
726 1078 944 1132 pluralem
976 1091 1069 1118 non
1101 1079 1246 1119 solum
1267 1077 1315 1118 in
1337 1091 1384 1124 a,
1417 1077 1494 1117 sed
1512 1073 1650 1116 etiam
1742 1086 1748 1118 l

245 1130 295 1172 in
318 1130 358 1172 ia
382 1132 613 1191 terminat:
646 1135 840 1190 aplustra
863 1134 984 1175 enim
998 1145 1042 1175 et
1067 1133 1279 1190 aplustria
1301 1131 1471 1188 antiqui
1493 1142 1650 1188 protu-

238 1187 345 1229 lisse
374 1188 688 1238 inveniuntur.
750 1190 907 1233 Cicero
943 1190 990 1231 in
1015 1193 1169 1232 Arato:
1201 1191 1395 1231 Navibus
1423 1191 1649 1241 assumptis

199 1246 203 1249 ’
229 1246 469 1296 fluitantia
508 1262 701 1299 quaerere
734 1251 940 1301 aplustra.
1001 1249 1160 1293 Caesar
1190 1246 1239 1287 in
1271 1251 1427 1290 Arato:
1459 1248 1646 1299 Fulgent

241 1300 564 1358 Argoae-stellis
590 1307 804 1357 aplustria
818 1309 987 1358 puppis.
1046 1303 1140 1345 Alia
1160 1317 1267 1345 vero
1296 1300 1449 1344 omnia
1468 1312 1643 1351 neutra,

242 1372 354 1415 quae
382 1357 431 1400 in
463 1375 487 1407 e
514 1360 762 1415 terminant
790 1361 1060 1407 ablativum,
1101 1371 1271 1401 mutata
1304 1374 1329 1400 e
1357 1359 1404 1400 in
1424 1373 1446 1399 a
1478 1356 1651 1399 faciunt

240 1413 578 1458 nominativum
608 1417 838 1472 pluralem.
900 1419 964 1458 Ab
997 1419 1085 1458 hoc
1105 1415 1295 1458 numine
1317 1415 1427 1457 haec
1446 1413 1648 1462 numina.

243 1485 267 1512 a
292 1481 496 1527 tempore
521 1485 748 1528 tempora,
782 1489 805 1514 a
828 1476 982 1515 tubere
1005 1476 1188 1521 tubera,
1221 1488 1244 1514 a
1263 1469 1410 1527 capite
1430 1471 1583 1527 capita.

142 1524 231 1559 XVI
256 1526 258 1533 '
355 1527 597 1585 Genitivus
629 1527 811 1586 pluralis
845 1529 999 1571 tertiae
1033 1527 1344 1572 declinationis
1366 1527 1563 1570 nascitur
1591 1528 1646 1568 ab

160 1581 213 1617 ‘75
239 1582 431 1639 ablativo
453 1584 663 1641 singulari
696 1589 782 1628 hoc
814 1589 962 1628 modo.
1015 1588 1131 1629 Cum
1163 1585 1211 1627 in
1235 1586 1248 1626 i
1281 1586 1353 1626 vel
1377 1583 1425 1625 in
1452 1594 1534 1626 eet
1555 1582 1603 1624 iu
1626 1581 1644 1623 i

240 1640 431 1692 desinit,
475 1643 678 1698 correpta
707 1643 721 1683 i
749 1641 935 1685 assumit
958 1659 1057 1690 um,
1091 1655 1139 1685 ut
1160 1657 1183 1682 a
1203 1641 1328 1684 sedili
1353 1643 1511 1683 horum
1532 1637 1648 1682 aedi·

238 1696 439 1750 lium‚„a
458 1696 668 1744 cervicali
698 1698 1015 1754 cervicalium,
1047 1702 1100 1741 ab
1132 1697 1327 1764 equestri
1353 1695 1646 1753 equestrium,

238 1755 293 1795 ab
316 1752 420 1794 utili
453 1753 662 1804 utilium,
696 1770 719 1796 a
751 1755 954 1812 sapiente
984 1758 1056 1798 vel
1079 1754 1275 1812 sapienti
1297 1752 1595 1810 sapientium,
1623 1767 1648 1794 a

221 1809 369 1852 ‘felice
397 1812 469 1851 vel
505 1809 629 1853 felici
662 1811 894 1854 felicium.v
943 1814 1088 1855 Multa
1118 1825 1266 1853 tamen
1302 1827 1379 1867 per
1401 1823 1648 1865 syncopam

237 1868 384 1908 solent
413 1867 631 1922 proferri,
673 1868 931 1924 sapientum
959 1883 1040 1925 pro
1065 1867 1361 1924 sapientium,
1394 1876 1645 1907 merentum

237 1937 319 1979 pro
352 1923 641 1970 merentium.
702 1924 868 1967 Statius
899 1925 947 1965 in
971 1927 1167 1966 secundo
1192 1922 1467 1965 Thebaidos:
1499 1923 1646 1962 Dahi-

238 1990 309 2019 tm·
340 1981 447 2020 mila·
473 1981 594 2020 crede
618 1991 845 2022 merentum
875 1985 1067 2022 consiliis·
1096 1983 1337 2034 tranquilla
1360 1981 1457 2019 dies.
1517 1979 1645 2020 Idem

237 2034 287 2076 in
300 2037 373 2076 111.
396 2037 662 2090 Aeternaqzae
672 2048 838 2078 sontum
854 2041 1082 2091 supplicia.
1125 2038 1380 2080 Coelestum
1409 2048 1490 2091 pro
1503 2035 1645 2076 coele·

236 2090 395 2138 stium.
456 2091 672 2149 Virgilius
697 2092 746 2134 in
769 2097 860 2137 vu.
885 2096 1110 2135 Caelestum
1128 2099 1191 2134 ι’ἰε
1217 2109 1377 2147 magna
1396 2094 1545 2144 jubet:
1587 2094 1646 2132 Et

174 2150 175 2158 ¹
237 2146 476 2192 sciendum
499 2160 662 2200 tamen,-
698 2151 822 2206 quod
839 2149 1065 2192 rarissime
1093 2153 1223 2198 haec,
1258 2164 1369 2205 quae
1393 2148 1441 2189 in
1464 2149 1606 2189 solam
1626 2146 1643 2188 i

239 2203 407 2259 finiunt
429 2204 676 2247 ablativum
691 2238 703 2257 ‚
735 2221 978 2263 syncopam
1001 2206 1238 2263 patiuntur
1258 2207 1272 2246 i
1298 2220 1376 2262 per
1393 2203 1645 2262 genitivum
1676 2208 1697 2224 ²

238 2261 470 2319 pluralem.
528 2262 688 2304 Inveni
721 2277 895 2305 marum
934 2278 1016 2320 pro
1050 2263 1267 2318 marium,
1312 2261 1389 2319 qui
1415 2274 1566 2307 tamen
1594 2259 1645 2301 in

1746 1605 1748 1611 .
1744 1560 1748 1580 -,
1731 1415 1748 1545 -.;>..,.}n.
1740 1390 1748 1405 ἡ
1739 1252 1748 1374 -..n-*ff-
1740 1208 1748 1238 a„-
1739 1150 1748 1199 „22
1746 1127 1748 1139 ..
1746 1064 1748 1069 .
1746 1043 1748 1046 .
1744 1003 1748 1028 „-

283 2479 321 2524 §.
342 2475 400 2526 74.
432 2481 536 2514 Unde
556 2482 791 2526 compositum
811 2481 1024 2527 compluria.
1073 2480 1215 2515 Sustuli
1236 2486 1294 2514 est
1314 2479 1498 2516 Codicum
1520 2491 1645 2524 suasu,

332 2525 434 2572 quod
461 2525 502 2558 in
532 2526 638 2561 libris
670 2527 781 2561 editis
821 2534 908 2573 post
938 2529 1174 2574 compositum
1204 2527 1407 2571 reperitur.
1456 2527 1547 2560 Post
1574 2527 1645 2560 imo

329 2584 415 2606 vero
437 2582 459 2606 e
481 2572 598 2607 Codd.
621 2573 837 2609 addendum
857 2574 932 2608 fuit
949 2573 1041 2607 alia.
1089 2572 1270 2620 Aplustre
1290 2575 1388 2608 item.
1431 2572 1555 2618 Vulgo
1577 2573 1646 2606 iti-

331 2619 423 2660 dem,
449 2618 550 2665 quod
571 2619 732 2654 Codices
755 2620 947 2654 damnant.

283 2679 319 2724 ς.
343 2691 399 2725 75.
426 2679 570 2719 Statius
586 2680 626 2714 in
650 2679 704 2719 ΙΙ.
740 2678 851 2715 Theb.
868 2690 948 2725 552.
968 2689 1024 2724 53.
1074 2681 1177 2714 Idem
1193 2681 1232 2713 in
1255 2679 1338 2714 III.
1363 2692 1397 2714 v.
1418 2678 1502 2716 Ind-
1537 2677 1644 2717 ,Vir-

327 2725 444 2772 gilius
463 2726 504 2760 in
528 2725 567 2761 V
570 2725 592 2760 1
597 2725 629 2762 Ι.
660 2725 860 2762 Putschius
890 2725 1049 2772 reliquit
1077 2726 1217 2761 falsum
1245 2726 1336 2761 libri
1354 2734 1556 2761 numerum
1575 2723 1641 2757 IX.
