1748 3112
274 260 359 319 574
433 263 439 269 ”
547 279 550 292 «
676 265 970 316 LIB.V111.
1032 266 1280 309 CAP41>1v.

271 377 467 430 postulae
501 378 717 426 injurium
734 388 817 426 est,
857 381 1061 432 stipulari
1091 395 1247 432 semper
1289 395 1350 420 me
1384 383 1507 424 ultro
1547 395 1672 434 opor-

277 441 365 479 tet,
392 447 421 472 a
450 436 554 472 virts
582 449 676 473 eum
700 445 919 487 quaestum
931 437 1083 489 facab,
1116 438 1387 487 nilliljzcres,
1413 441 1670 491 promittere,

276 487 424 530 active
457 487 584 532 dixit,
643 491 766 532 Idem
797 492 844 533 in
876 494 1121 534 Pseudolo:
1161 497 1311 534 Minae
1337 497 1496 548 viginti
1527 497 1674 535 calvae

275 555 317 586 et
334 561 464 586 mnae
494 555 592 586 sunt
620 547 700 588 tibi
725 549 844 590 hodie
854 580 868 598 ‚
911 565 1014 604 quas
1045 567 1073 589 a
1095 560 1133 589 te
1156 561 1216 591 est
1240 553 1517 604 instipulatus
1538 553 1674 592 Pseu-

276 603 410 642 dolus.
470 602 662 645 Idem-in
682 606 890 647 Rudente
911 605 1086 662 passive
1108 605 1242 648 dixit:
1274 610 1337 647 Ni
1357 609 1452 648 dolo
1469 609 1582 647 malo
1604 611 1674 648 in·—

255 655 259 666 ’
278 662 511 712 stipulatus
531 662 613 708 sie,
643 665 737 702 nive
764 667 894 703 etiam
913 665 1013 703 dum
1029 667 1132 704 siem
1151 667 1332 717 quinque
1351 675 1390 704 ec
1418 667 1576 719 viginti
1594 680 1675 704 an—

216 730 258 754 ιε
277 732 356 756 nos
376 726 519 756 natue.
577 719 692 759 Sunt
718 732 825 761 vero
859 719 942 760 alia
973 734 1024 761 ex
1052 719 1304 775 supradicta
1335 718 1502 771 forma,
1542 718 1592 761 id
1609 730 1677 761 est

280 771 774 830 deponentium„quae
798 776 1017 832 passivam
1038 777 1177 818 solam
1199 778 1365 818 habent
1382 775 1675 835 significatio·

274 843 409 877 -nem,
434 842 600 872 ‘nascor
621 846 645 872 a
669 841 736 878 te,
769 833 887 874 orior
907 847 930 873 a
952 844 1016 881 te,
1050 832 1196 889 patior
1217 847 1240 873 a
1261 844 1328 881 te,
1369 847 1544 875 mereor
1570 848 1595 874 a
1617 843 1675 874 te.

279 887 419 941 quue
463 887 662 929 ostendit
708 888 972 941 conjunctio
1017 904 1216 931 casuum.
1275 892 1388 931 Nam
1431 903 1546 946 quae
1579 887 1678 931 vim

274 942 475 985 -activam
496 945 676 992 habent.
697 945 952 999 genitivum
977 948 1047 987 vel
1073 946 1288 993 dativum,
1320 948 1529 1003 pleraque
1549 959 1677 987 accu-

278 997 471 1040 sativum
503 1014 654 1042 casum
686 1014 940 1050 assumunt,
985 1014 1036 1043 ut
1055 1001 1268 1044 misereor
1296 1002 1388 1050 tui,
1430 1003 1614 1043 medeor
1634 1010 1679 1042 et

248 1107 251 1110 Ι
281 1055 482 1096 medicor
507 1055 606 1098 tibi.
666 1057 848 1100 Dicitur
879 1069 1026 1100 tamen
1059 1071 1103 1100 et
1122 1059 1303 1100 medico
1337 1070 1379 1100 et
1412 1058 1614 1100 medicor
1634 1067 1680 1099 et

280 1113 462 1154 medeor
483 1123 539 1154 te.
599 1113 812 1169 Virgilius
830 1115 878 1155 in
896 1119 928 1157 Ι.
949 1115 1224 1172 Georgicon:
1260 1117 1432 1156 Semina
1450 1117 1542 1156 vidi
1559 1117 1679 1169 equia-

281 1169 374 1208 dem
414 1172 566 1211 multos
602 1172 809 1211 medicare
843 1183 1026 1212 serentes.
1087 1174 1210 1214 Idem
1240 1172 1286 1212 in
1313 1175 1364 1214 Π.
1398 1169 1676 1228 Georgicon:

281 1227 341 1266 Ec
377 1226 540 1267 senibus
576 1229 841 1268 medicantur
880 1231 1067 1277 anhelis,
1117 1228 1271 1270 dativo
1307 1228 1429 1270 casui
1462 1226 1678 1279 adjunxit.

279 1282 402 1323 Idem
427 1281 476 1322 in
500 1285 584 1325 Vll.
610 1286 695 1325 Sed
722 1301 804 1325 non
821 1288 1075 1326 Dardaniae
1106 1287 1312 1326 medicari
1337 1286 1525 1338 cuspides
1539 1288 1680 1324 ictum

280 1341 453 1379 evaluit.
513 1340 755 1383 Terentius
777 1340 824 1382 in
847 1341 1142 1387 Phormion&
1177 1343 1295 1393 Quas
1321 1357 1418 1382 cum
1440 1357 1504 1381 ree
1526 1342 1678 1382 adver-

280 1411 351 1434 sae
380 1399 466 1435 sint
502 1401 639 1437 minue
667 1399 819 1438 mederi
851 1403 997 1451 pos-sis.
1058 1401 1238 1454 Loquor
1269 1400 1480 1443 verbum,
1522 1411 1682 1453 precor

282 1451 431 1491 deum.
495 1453 622 1507 Quae
652 1468 770 1509 vero*
791 1454 1027 1510 passivam,
1061 1453 1302 1496 ablativum
1336 1469 1440 1496 cum
1469 1469 1492 1495 a
1519 1453 1590 1494 vel
1626 1454 1679 1494 ab

279 1507 687 1563 praepositionibus
721 1511 792 1551 vel
831 1509 1056 1559 dativum,
1099 1522 1150 1551 ut
1178 1525 1338 1552 nascor
1369 1524 1393 1551 a
1430 1522 1475 1552 te
1504 1521 1549 1552 et
1580 1508 1679 1552 tibi.

281 1565 398 1606 Sunt
416 1563 551 1607 etiarn
583 1580 634 1607 ex
671 1566 741 1607 his
764 1568 1003 1622 quaedam,
1048 1581 1162 1624 quae
1195 1569 1395 1608 absolute
1426 1567 1545 1608 dicta
1583 1581 1678 1608 non

281 1623 414 1675 eg'ent
451 1621 721 1676 supradictis
751 1623 948 1672 casibus,
1001 1635 1050 1665 ut
1078 1634 1142 1665 est
1181 1624 1327 1671 labor,
1368 1622 1560 1671 morior,
1592 1624 1677 1664 lae·

280 1686 374 1723 tor,
406 1677 595 1733 glorior,
637 1680 909 1728 tumultuor,
953 1695 1113 1737 vagor,
1146 1679 1379 1723 vaticinor.
1440 1679 1532 1721 Alia
1552 1693 1676 1727 vero,

278 1745 395 1787 quae
416 1747 519 1775 cum
538 1734 776 1777 videantur
799 1736 990 1778 activam
1011 1739 1172 1778 habere
1194 1735 1598 1785 constructionem,
1629 1734 1679 1777 id

281 1799 348 1830 est
379 1789 588 1845 σύνταξιν,
627 1794 752 1847 (nam
787 1792 992 1850 genitivo
1025 1795 1095 1834 vel
1127 1793 1278 1835 dativo
1313 1795 1384 1834 vel
1418 1792 1675 1835 accusativo

279 1844 404 1888 casui
433 1848 698 1905 junguntur)
739 1848 1134 1907 tamen‘passivam
1173 1849 1265 1890 vim
1298 1848 1588 1897 intrinsecus,
1627 1849 1676 1891 id

275 1912 348 1955 *est
369 1914 461 1945 non
491 1904 579 1946 alio
599 1917 770 1961 agente,
806 1903 1021 1948 videntur
1045 1909 1230 1952 habere.
1264 1916 1312 1946 ut
1337 1904 1582 1954 obliviscor
1605 1905 1676 1947 tui

211 1969 255 2003 23
280 1968 325 1999 et
346 1969 415 2006 te,
449 1972 493 2001 et
514 1960 728 2005 misereor
746 1961 813 2004 tui
838 1973 881 2003 et
900 1974 956 2004 te.
1016 1966 1126 2005 Sunt
1148 1961 1256 2013 alia,
1287 1976 1399 2018 quae
1419 1959 1458 2002 si
1479 1959 1677 2004 ablativo

276 2017 542 2071 jungantur,
574 2017 748 2074 passiva
769 2029 873 2059 sunt
901 2021 972 2061 vel
995 2017 1279 2062 communia:
1312 2017 1383 2059 sin
1412 2031 1491 2074 per
1509 2032 1556 2059 se
1577 2032 1679 2075 pro·

368 2167 562 2211 jusserunt
590 2169 750 2204 Codices
779 2169 855 2204 mei
882 2175 922 2204 et
953 2169 1046 2204 Edd.
1077 2171 1170 2204 Ven.
1220 2171 1312 2204 Mox
1338 2183 1362 2204 a
1390 2175 1427 2202 te
1457 2168 1676 2222 portendunt

368 2213 444 2247 fuit
461 2226 531 2260 pro
554 2215 622 2248 abs
640 2222 690 2251 te.
741 2216 854 2262 Quod
882 2216 1054 2262 sequitur
1080 2223 1137 2249 est
1156 2216 1337 2250 omittunt
1366 2215 1541 2249 nonnulli
1563 2215 1676 2249 Cod1-

369 2269 443 2293 ces.
494 2262 567 2294 Pro
595 2263 837 2307 instipulatus
862 2263 946 2296 MS.
977 2262 1078 2308 Lips.
1105 2274 1135 2295 2.
1170 2262 1423 2305 instipulatur.
1470 2261 1571 2295 Huic
1589 2261 1675 2295 voci

366 2305 560 2340 subnectit
579 2307 657 2340 Erl.
681 2319 711 2341 2.
735 2313 802 2340 est.
830 2308 962 2340 Plures
984 2307 1142 2342 Codices
1164 2313 1203 2341 et
1222 2307 1315 2341 Edd.
1336 2308 1429 2341 Ven.
1452 2306 1674 2344 Beeudulus.

320 2351 424 2386 Idem
444 2352 483 2384 in
505 2353 689 2385 Rudente.
718 2353 798 2386 Act.
820 2354 863 2386 V.
887 2354 945 2387 Sc.
969 2365 1000 2397 3.
1023 2365 1075 2386 vs.
1099 2362 1153 2396 25.
1204 2354 1278 2387 Pro
1304 2354 1389 2386 nive
1406 2350 1582 2398 plerique
1603 2353 1675 2387 Co-

367 2395 470 2430 dices
494 2398 584 2431 sive.
633 2397 712 2432 Erl.
737 2410 767 2432 2.
791 2398 935 2433 omittit
962 2400 1012 2432 sis
1041 2405 1078 2432 et
1097 2410 1167 2444 pro
1190 2399 1280 2432 siem
1310 2397 1420 2444 ponit
1438 2399 1518 2432 sim.
1567 2397 1676 2432 Idem

367 2441 512 2476 omitfit
532 2449 570 2476 et
593 2449 680 2487 post
700 2445 869 2490 quinque.

275 2516 291 2530 χ
321 2487 357 2532 §.
377 2499 431 2522 22.
453 2489 647 2534 passivam
668 2489 805 2523 solam:
837 2490 973 2535 Vulgo,
999 2489 1127 2525 solum.
1173 2488 1440 2524 Foemininum
1468 2490 1529 2524 vel
1547 2490 1675 2536 potius

348 2533 597 2578 *adjectivum
622 2541 692 2580 pro
723 2535 901 2570 adverbio
929 2535 1089 2581 exprimi
1114 2537 1223 2570 MSS.
1245 2537 1448 2579 jusserunt.
1497 2536 1674 2572 Moxea-

367 2580 456 2614 dem
473 2579 622 2619 ratione
638 2581 773 2626 scripsi
786 2581 961 2627 pleraque
987 2593 1056 2626 pro
1075 2583 1228 2627 vulgato
1243 2582 1465 2628 plerunque.

323 2625 504 2673 Virgilius
535 2627 575 2660 in
608 2625 640 2660 I.
671 2629 799 2674 Georg.
843 2640 897 2662 vs.
923 2639 997 2673 193.
1061 2629 1164 2662 Idem
1194 2630 1233 2662 in
1266 2628 1322 2661 II.
1355 2630 1484 2674 Geor-g.
1517 2640 1570 2662 vs.
1593 2637 1670 2672 135.

369 2672 473 2707 Idssm
489 2672 530 2712 in
553 2673 642 2708 VII·
677 2673 816 2718 Vulgo,
844 2676 955 2710 VIII·
979 2674 1048 2707 Est
1066 2685 1118 2707 vs.
1141 2675 1220 2719 756.
1276 2675 1467 2708 Terentius
1487 2675 1527 2712 in
1545 2674 1670 2709 Phor-

374 2719 504 2797 πιίονὶσ.
529 2717 611 2752 Act.
634 2719 682 2753 V.
711 2719 772 2753 Sc.
791 2730 826 2764 3.
856 2731 908 2754 vs.
927 2731 962 2765 5.
1011 2721 1085 2756 Pro
1112 2721 1232 2755 minus
1256 2719 1346 2753 libri
1374 2719 1547 2755 Terentii
1564 2718 1670 2763 >editi

373 2775 451 2810 Fau
470 2776 504 2798 0-
