1748 3112
244 253 343 312 ¹492
662 253 790 294 Lm.
822 254 871 294 x.
933 248 1077 298 c'AP:
1101 256 1180 298 ιν.
1210 255 1259 297 ν.

195 374 228 407 V
261 371 320 410 Et
338 370 461 422 Iapea
485 370 653 409 ancilia
680 369 790 406 coelo
821 367 1047 409 extuderat.
1109 367 1264 409 Solent
1294 372 1450 412 autem
1478 380 1659 436 compo·
1696 392 1702 403 ³»
1729 371 1732 372 ⁷

193 422 238 457 26
263 425 347 467 sita
375 440 550 466 servare
578 423 854 488 simplicium
881 435 1094 481 tempora,
1140 424 1248 466 cado
1278 424 1432 474 cecidi,
1465 428 1660 469 concido

260 481 454 529 concidi,
487 479 740 536 penultima
763 487 974 537 correpta,
1008 483 1142 523 caedo
1164 479 1319 528 cecidi,
1341 482 1532 525 concido
1557 497 1660 526 con·
1718 517 1730 528 ,

259 539 365 587 cidi,
396 538 645 593 penultima
667 539 897 602 producta.
958 536 1257 580 Vetustissimi
1278 549 1427 580 tamen
1449 551 1540 582 tarn
1561 554 1660 596 pro-

259 597 484 638 ducebant
505 608 640 649 quam
671 593 973 649 corripiebant
991 593 1236 650 supradicti
1260 595 1408 644 verbi,
1438 596 1486 638 id
1507 607 1572 638 est
1594 607 1662 639 tu·

257 651 374 699 tudi‚
398 650 708 706 penultimam.
771 651 945 694 Ennius
966 652 1013 693 in
1034 654 1165 693 Xllll.
1196 654 1314 701 Infit,
1346 668 1368 692 ο
1398 657 1524 703 cives,
1553 669 1661 708 quae

258 725 320 750 me
330 710 521 763 fortuna
539 709 655 762 fero,
686 712 750 748 sic
772 710 982 757 contudit,
1015 710 1190 762 indigno
1211 710 1316 748 hello
1338 711 1522 763 cotgfheit
1541 726 1661 751 acer-

259 767 320 805 bo.
350 769 463 807 Ecce
477 763 554 806 hic
567 763 796 821 corripuit.
827 766 949 806 Idem
974 764 1022 806 in
1043 767 1152 810 XVI
1185 768 1362 818 Ingenio
1379 767 1490 818 forti
1512 769 1663 808 dextra
1730 772 1737 782 ‘

257 825 376 863 latus·
393 823 586 876 pertudit
604 823 743 862 hasta.
789 820 943 863 Idem
930 836 979 862 m
995 821 1262 863 Annalibus:
1297 825 1353 863 V
1336 839 1499 877 tresque
1515 826 1661 864 valen-

259 889 318 920 tes
348 881 541 919 contudit
574 881 755 919 erudelis·
783 881 926 919 hiems.
987 877 1077 920 Hic
1107 878 1319 943 produxit
1346 879 1662 935 penultimam.

259 938 384 978 Cado
399 949 577 992 quoque
591 934 732 978 cecidi
754 935 871 983 facit,
884 951 955 984 ne,
973 935 1009 977 si
1023 936 1122 976 cadi
1146 934 1359 984 dicamus,
1383 951 1550 978 nomen
1569 951 1662 979 esse

257 1003 452 1049 putetur.
513 991 774 1048 Composita
805 1003 955 1033 tamen
986 1006 1079 1033 non
1108 990 1339 1047 duplicant
1361 993 1662 1057 penultimam

258 1051 486 1103 syllabam,
499 1059 550 1090 ut
572 1051 799 1113 perpendo
814 1049 1047 1114 perpendi,
1061 1050 1252 1090 extendo
1275 1048 1468 1097 extendi,
1482 1061 1662 1104 pertun·

259 1107 317 1148 do
338 1104 532 1162 pertudi‚
554 1104 711 1147 incido
733 1104 889 1151 incidi.
910 1105 1103 1146 concido
1122 1104 1317 1154 concidi,
1340 1105 1536 1162 exceptis
1558 1121 1582 1147 a
1604 1109 1662 1149 do

259 1174 304 1204 et
325 1174 393 1203 sto
419 1161 697 1227 compositis,
732 1173 775 1204 et
796 1177 819 1204 a
842 1163 963 1203 disco
983 1173 1026 1203 et
1046 1177 1199 1219 posco,
1232 1173 1283 1203 ut
1302 1165 1444 1218 prodo
1462 1162 1664 1218 prodidi,
1691 1206 1698 1210 ,

188 1264 191 1265 ⁷
257 1230 376 1260 resto
404 1219 572 1267 restiti,
615 1217 796 1260 dedisco
830 1218 1047 1267 dedidici‚
1081 1220 1273 1274 deposco
1294 1220 1566 1283 depoposci.
1625 1222 1663 1264 A

260 1290 391 1317 curro
420 1275 668 1339 composita
695 1286 891 1331 utroque
920 1277 1058 1317 modo
1090 1277 1258 1331 prolata
1290 1274 1591 1318 inveniuntur
1608 1279 1662 1319 ab

258 1330 536 1379 auctoribus,
569 1342 620 1373 ut
650 1333 836 1374 decurro
869 1331 1042 1373 decurri
1079 1333 1151 1373 vel
1173 1331 1423 1374 decucurri.
1482 1333 1663 1401 Excipi·

256 1399 332 1434 tur
351 1387 485 1429 etiam
507 1387 674 1436 divido,
699 1390 821 1445 quod
839 1387 1130 1444 praeteritum
1153 1388 1291 1430 divisi
1310 1387 1434 1432 facit.
1495 1393 1663 1457 Supina

255 1443 334 1486 illa
356 1443 556 1500 quidem,
580 1459 689 1500 quae
709 1460 732 1486 a
754 1447 812 1485 do
838 1456 1189 1500 componuntur,
1215 1455 1398 1486 mutant
1410 1459 1436 1487 o
1460 1446 1508 1488 in
1530 1446 1548 1487 i
1567 1461 1661 1489 cor-

256 1512 446 1566 reptam‚
468 1512 511 1542 et
531 1511 763 1542 assumunt
785 1512 896 1551 tum,
914 1511 964 1541 ut
984 1503 1123 1543 reddo
1143 1500 1385 1549 redditum,
1417 1504 1547 1545 credo
1570 1518 1662 1546 cre·

147 1570 151 1573 ’
188 1573 236 1607 27
262 1557 430 1605 ditum,
477 1558 612 1614 perdo
644 1556 885 1613 perditum.
944 1557 1039 1599 Alia
1068 1572 1176 1599 vero
1208 1557 1359 1599 omnia
1378 1560 1447 1602 ‚do
1478 1558 1528 1600 in
1559 1575 1681 1606 sum,
1743 1577 1748 1585 ⁴

257 1625 544 1663 convertunt,
577 1625 629 1656 ut
651 1616 761 1655 ludo
789 1616 955 1665 lusum,
983 1616 1091 1656 rado
1113 1628 1276 1662 rasum,
1309 1617 1445 1657 caedo
1467 1630 1659 1665 caesum,

257 1671 454 1716 defendo
495 1671 751 1719 defensum,
797 1671 942 1712 tundo
974 1681 1174 1712 tunsum.
1200 1670 1447 1727 Virgilius
1485 1672 1535 1715 in
1564 1677 1661 1716 1111.

257 1726 536 1792 Georgicon·
568 1729 770 1783 Profuit
781 1737 820 1767 et
843 1738 1015 1768 tansum
1032 1731 1182 1782 gallae
1209 1731 1436 1769 admiscere
1453 1745 1658 1784 saporem.

254 1786 381 1827 Idem
402 1783 460 1826 in
487 1787 523 1826 I.
553 1785 825 1826 eorundem:
871 1787 1043 1824 Duram
1078 1787 1279 1838 procudit
1304 1795 1453 1826 arator
1480 1791 1659 1828 vomeris

260 1843 430 1885 obtunsi
457 1843 634 1890 dentem,
664 1852 794 1881 cavat
821 1842 967 1881 arbore
984 1844 1142 1882 lintres·
1202 1843 1330 1884 Cudo
1352 1841 1564 1886 similiter
1586 1858 1659 1886 cu·

257 1912 371 1942 sum.
445 1899 570 1939 Idem
598 1898 646 1939 in
679 1899 859 1939 eodem:
907 1900 1197 1951 Lapidemque
1229 1909 1434 1939 revertens·
1463 1903 1660 1941 incusum

258 1964 354 2007 aut.
365 1965 487 1994 atrae
516 1970 702 1995 massam
717 1958 832 2008 picis
863 1956 963 1994 urbe
983 1964 1210 2007 reportat.
1242 1956 1365 1997 Cado
1387 1969 1566 2011 quoque
1588 1970 1656 1999 ca·

257 2026 361 2054 sum
380 2010 501 2059 facit,
521 2024 569 2052 ca
589 2021 738 2053 tamen
757 2009 1007 2067 penultima
1027 2011 1255 2067 producta.
1313 2014 1366 2053 Iu
1387 2013 1514 2055 omni
1536 2012 1659 2056 enim

301 2164 337 2208 ἕ.
359 2163 414 2198 26.
440 2163 584 2199 Ennius
605 2162 647 2195 in
673 2163 784 2197 X1V.
831 2164 906 2197 Pro
937 2174 1080 2206 acervo,
1108 2163 1211 2209 quod
1236 2165 1435 2209 occupavit
1451 2166 1548 2201 Edd.
1569 2168 1654 2203 Bas.

351 2210 485 2244 Colon
508 2220 595 2243 cum
621 2208 800 2243 Putschio
830 2220 901 2255 ego
931 2221 952 2243 e
977 2210 1086 2244 MSS.
1109 2209 1286 2245 Heidelb.
1308 2212 1442 2247 Zwicc.
1467 2225 1500 2248 2.
1517 2213 1598 2248 Erl
1622 2226 1653 2248 1.

349 2268 381 2290 2.
401 2255 540 2290 Dresd.
559 2254 671 2299 posui
691 2256 834 2290 acerbo.

301 2302 406 2336 Idem
424 2303 464 2335 in
483 2300 731 2337 Annalibus:
728 2302 923 2346 Viresque
943 2301 1124 2341 valentes.
1162 2303 1363 2340 Putschius
1388 2316 1476 2339 cum
1494 2305 1656 2340 caeteris

350 2347 471 2382 edidit
503 2348 692 2390 Virosque.
739 2346 930 2399 Equidem
959 2353 1110 2381 secutus
1141 2359 1225 2383 sum
1251 2350 1532 2386 auctoritatem
1541 2351 1652 2386 MSS.

349 2394 395 2427 Li
397 2389 457 2438 psl
480 2405 509 2427 1.
534 2404 565 2426 2.
595 2392 674 2426 Erl.
700 2403 729 2426 1
755 2405 786 2427 2.
805 2392 981 2427 Heidelh.

304 2451 331 2472 a
352 2405 421 2473 doP
415 2445 454 2473 et
472 2445 541 2473 sto.
588 2438 726 2482 Vulgo,
751 2450 776 2470 a
795 2441 853 2480 do,
878 2451 901 2471 a
918 2445 986 2472 sto.
1035 2439 1138 2473 Illud
1155 2441 1314 2476 Codices
1334 2449 1538 2488 praestant.

304 2486 339 2530 §.
363 2498 418 2540 ²7·
449 2485 549 2530 Virg.
572 2484 612 2516 in
629 2485 700 2518 IV·
721 2486 850 2530 Georg.
869 2496 920 2518 vs.
940 2485 1018 2530 267.
1067 2484 1222 2530 Profuit
1249 2499 1319 2532 pro
1345 2489 1499 2535 vulgato
1513 2490 1655 2542 prode-

351 2533 403 2566 rit
419 2530 546 2564 dedie
566 2529 676 2564 MSS.
697 2530 808 2563 Luth.
829 2530 1005 2565 Heidelb.
1025 2531 1158 2566 Zwicc.
1177 2545 1205 2567 1.
1230 2546 1261 2569 2.
1282 2534 1362 2569 Erl.
1388 2547 1416 2570 ι.
1440 2547 1471 2569 2.
1493 2535 1593 2580 Lips.
1620 2548 1652 2571 1.

353 2590 387 2613 2
418 2575 555 2612 Dresd.
606 2576 687 2609 Nec
717 2575 815 2610 hanc
843 2576 1052 2611 lectionem
1080 2590 1101 2611 a
1126 2579 1276 2623 Virgilii
1304 2581 1513 2616 editoribus
1539 2581 1654 2626 plane

353 2621 606 2677 spernendam
622 2632 704 2655 esse
723 2629 790 2666 put
794 2635 828 2665 o,
854 2622 885 2655 si
903 2623 1016 2656 modo
1037 2630 1076 2658 et
1092 2624 1133 2657 in
1152 2625 1302 2671 Virgilii
1323 2626 1524 2662 Codicibus
1542 2638 1652 2672 repe-

351 2670 484 2721 riatur:
533 2669 631 2708 Nam
647 2668 872 2712 perfectum
892 2669 974 2713 sigi
978 2669 1017 2702 11*
1021 2676 1093 2712 cat
1120 2671 1219 2706 tradi
1236 2679 1480 2763 praeceptum
1496 2672 1652 2719 aliquod
1712 2669 1725 2677 “

354 2713 588 2768 experientia
606 2713 882 2749 confirmatum.
932 2714 1000 2748 Ed.
1026 2695 1117 2750 Veii.
1143 2730 1172 2751 ι.
1186 2717 1280 2763 prof
1279 2731 1326 2764 ug
1329 2720 1370 2752 it.
1446 2738 1447 2741 =

305 2763 409 2797 Idem
429 2762 470 2796 in
490 2763 521 2796 I
541 2771 595 2794 vs.
618 2760 695 2796 261.
721 2760 774 2795 62.
798 2761 948 2795 obtunsi
963 2773 1032 2806 pro
1053 2761 1173 2798 obtusi
1194 2763 1282 2798 dant
1299 2765 1408 2800 MSS.
1430 2764 1543 2800 Luth.
1557 2763 1649 2799 Hei-

1730 2709 1748 2931 Ξ

1735 2955 1748 2989 ἰ
