1748 3112
326 268 415 329 574-
743 271 1037 316 1111&an
1097 273 1243 317 CAP.
1274 278 1323 320 v.

329 383 570 452 Quaeritur
591 383 745 442 igitur,
779 399 870 435 cur,
894 385 934 428 si
962 386 1054 429 mei
1077 402 1158 445 pro
1178 390 1283 445 ἐμοῦ
1302 401 1347 432 et
1365 392 1555 446 ἕμαυέσῦ,
1588 403 1632 435 et
1651 393 1748 435 tui

361 457 408 485 ro
429 440 507 488 σοῦ
526 452 571 483 et
591 448 745 486 σαυτοῦ
760 441 1055 515 accipiantur,
1087 456 1131 487 et
1152 456 1302 488 tamen
1324 447 1631 492 nominativos
1648 452 1722 491 ha·

325 461 477 553 fleant,
506 498 590 547 sui,
624 514 728 541 cum
750 515 831 557 pro
854 494 908 545 οὗ
924 512 968 543 et
985 503 1136 547 ἑαυτοῦ
1155 502 1415 569 accipiatur,
1447 520 1542 549 non
1564 509 1724 549 habeat

323 554 690 600 nominativum.
675 557 696 587 ‘²
727 559 792 600 Ad
815 559 938 624 quod
960 560 1098 601 multa
1118 571 1221 602 sunt
1241 559 1444 605 dicenda.
1500 562 1721 611 Primum,

325 615 472 680 quia,
468 613 505 655 si
524 615 624 655 loco
643 613 946 679 aspirationis,
978 626 1030 658 ut
1052 631 1182 674 supra
1205 617 1418 672 diximus,
1447 634 1562 687 quae
1586 630 1653 663 est
1675 619 1724 662 in

322 669 552 730 principio
576 669 730 712 tertiae
760 687 973 728 personae
1003 675 1119 726 apud
1137 677 1342 724 Graecos,
1374 654 1423 718 id
1445 688 1512 718 est
1533 676 1563 725 i,
1594 691 1724 743 prae-

321 739 565 794 poneretur
586 743 604 769 s
625 727 930 778 nominativo,
963 742 1077 772 esset
1107 730 1330 773 dubitatio
1357 734 1413 774 ad
1442 732 1724 786 conjunctio-

230 814 239 817 *
323 801 431 828 nem
454 783 514 826 si:
546 786 777 850 quomodo
806 786 927 828 enim
957 780 1010 831 οὗ
1036 786 1130 836 sui,
1165 800 1208 830 et
1236 787 1281 832 οἷ
1304 789 1416 838 sibi,
1449 794 1534 834 et}
1562 806 1629 838 se,
1659 789 1725 832 sic

192 866 194 868 ν
256 857 301 891 25
325 841 658 884 nominativus‘
654 846 670 885 ἰ
690 840 726 883 si
749 843 907 884 debuit
930 858 1037 886 esse.
1096 848 1155 887 Et
1182 844 1230 887 in
1252 844 1350 888 aliis
1367 846 1490 889 enim
1512 846 1727 890 dictioni-

323 903 407 942 bus
431 898 699 964 quibusdam
729 902 874 942 solent
893 900 1041 942 Latini
1060 903 1213 944 Aeoles
1231 914 1468 967 sequentes
1488 904 1594 947 vel
1580 919 1627 945 in
1649 904 1724 947 di·-

323 971 501 1030 gamma
533 972 563 996 v
583 955 689 997 vel
675 971 723 997 m
756 972 775 998 s
800 969 1066 1000 convertere
1095 957 1440 1026 aspirationem,
1469 960 1625 1017 ,Γήμισυ
1654 975 1726 1003 se·-

323 1013 423 1063 mis,
455 1014 523 1065 Έὲξ
551 1028 641 1084 sex,
673 1013 801 1057 ,Ρεπτά
823 1024 1009 1079 septem.
1067 1018 1123 1057 Et
1152 1017 1334 1057 fortasse
1363 1015 1468 1059 ideo
1496 1033 1548 1060 ex
1568 1032 1621 1060 eo
1643 1032 1724 1074 per

324 1073 622 1127 anastrophen
654 1071 821 1112 factum
856 1082 921 1112 est
950 1070 988 1112 is
1022 1071 1145 1115 aliud
1167 1086 1444 1129 pronomen·
1476 1076 1597 1131 quod
1619 1089 1725 1131 pro-

322 1139 475 1194 pterea
495 1137 605 1184 puto
632 1138 676 1169 et
699 1127 940 1170 relativum
961 1143 1068 1177 esse,
1092 1131 1321 1196 quomodo
1341 1135 1360 1173 ἳ
1379 1133 1496 1198 apud
1519 1134 1726 1175 Graecos.

321 1184 501 1228 Deinde
523 1185 643 1241 quod
665 1187 796 1236 huJ'us
820 1182 975 1241 ipsius,
1009 1184 1057 1227 id
1073 1197 1139 1228 est
1156 1191 1178 1230 ἳ
1196 1186 1483 1242 nominativi,
1515 1202 1637 1230 rarus
1658 1198 1726 1230 est

324 1241 462 1284 etiam
498 1243 616 1298 apud
650 1243 840 1283 Graecos
881 1256 998 1284 usus.
1057 1246 1291 1286 Postremo
1329 1245 1451 1312 quod
1487 1259 1722 1311 nunquam

321 1310 469 1365 potest
501 1300 587 1340 hoc
617 1313 864 1354 pronomen
889 1297 1100 1349 inveniri,
1133 1303 1221 1343 hoc
1243 1312 1321 1351 est,
1354 1300 1442 1352 sui,
1471 1301 1575 1351 sibi,
1606 1316 1669 1353 se,
1699 1316 1724 1344 a

321 1371 384 1405 se,
415 1355 513 1398 sive
529 1355 826 1421 reciprocum,
860 1354 959 1398 sive
989 1356 1289 1408 transitivum,
1322 1369 1374 1400 ut
1392 1372 1484 1400 non
1504 1358 1724 1425 intelliga-

319 1424 398 1455 tur
426 1425 566 1461 actus,
595 1414 667 1454 vel
685 1412 773 1454 ab
759 1427 872 1478 ipsa
883 1412 931 1453 in
954 1427 1013 1461 se,
1046 1416 1117 1455 vel
1149 1414 1317 1470 abipsa
1349 1416 1398 1456 in
1420 1414 1551 1457 aliam
1572 1415 1721 1464 simul,

321 1481 368 1512 et
386 1471 439 1511 a‘b
459 1468 577 1511 alia
564 1483 613 1510 m
635 1468 792 1533 ipsam,
825 1467 915 1510 nisi
946 1469 1209 1526 possessivis
1239 1474 1311 1513 vel
1339 1473 1557 1524 adjunctis
1567 1486 1723 1538 copu-

319 1528 452 1569 letur.
512 1529 646 1568 Tunc
663 1540 790 1568 enim
813 1540 942 1591 agere
962 1528 1122 1576 solum,
1154 1540 1247 1569 non
1270 1526 1403 1576 etiam
1425 1527 1520 1594 pati
1542 1527 1723 1586 signifi-

320 1595 406 1633 cat,
437 1594 490 1625 ut
510 1583 586 1624 ille
609 1582 846 1625 miseratur
869 1582 938 1623 sui
957 1598 1153 1633 servum,
1188 1595 1233 1625 et
1251 1583 1338 1626 sibi
1368 1584 1579 1635 similem,
1613 1596 1658 1628 et
1676 1600 1723 1629 se

320 1651 611 1708 sequentem,
644 1650 689 1681 et
710 1654 756 1681 se
784 1640 1040 1682 ducentem.
1098 1643 1161 1683 Ab
1186 1641 1282 1696 ipsa
1303 1640 1353 1681 in
1381 1657 1443 1691 se,
1475 1653 1527 1684 ut
1549 1645 1722 1685 Teren..

319 1698 413 1740 tius
435 1697 484 1739 in
496 1695 680 1740 Andria:
712 1700 840 1750 Ipsus
860 1697 946 1736 sibi
961 1713 1047 1737 esse
1069 1702 1255 1749 injurius
1273 1700 1481 1740 videatur.
1540 1698 1721 1743 Passiva

322 1754 447 1797 enim
474 1768 655 1811 quoque
686 1755 739 1794 ab
773 1763 876 1795 actu
902 1753 1064 1820 aliquo
1082 1753 1213 1797 fiunat
1274 1758 1325 1797 In
1347 1755 1480 1798 aliam
1502 1757 1556 1798 ab
1579 1771 1643 1806 ea,
1677 1768 1722 1799 et

321 1812 373 1854 in
395 1813 581 1855 eandem
605 1813 658 1852 ab
686 1809 792 1858 alia,
824 1820 877 1851 ut
898 1808 1018 1852 idem
1050 1810 1099 1853 in
1118 1813 1295 1855 eadem.
1326 1816 1458 1854 Hanc.-
1474 1815 1519 1865 f
1520 1815 1613 1854 dem
1636 1816 1723 1854 sibi

323 1885 388 1911 me
419 1871 672 1918 obsecravit,
722 1871 797 1923 qui
828 1883 870 1908 se
896 1871 1024 1907 sciret
1050 1885 1133 1909 non
1161 1872 1441 1921 deserturum,
1490 1880 1539 1911 ut
1566 1872 1719 1911 darem.

320 1924 649 1979 Hujuscemodi
672 1938 780 1966 vero
801 1934 1023 1966 structura
1042 1924 1375 1968 nominativum
1395 1929 1557 1968 habere
1586 1941 1721 1994 quan·

252 1993 298 2028 26
321 1994 420 2025 tum
452 1984 508 2024 ad
530 1980 844 2023 transitionem
877 1995 969 2022 non
999 1992 1158 2037 potest.
1219 1981 1380 2025 Omnis
1407 1982 1527 2024 enim
1560 1983 1720 2040 geniti-

320 2053 405 2081 vus
435 2040 508 2080 vel
536 2039 675 2080 verbo
710 2036 967 2102 adjungitur
998 2039 1053 2078 ad
1083 2038 1406 2105 perfectionem
1443 2054 1622 2090 sensus,
1668 2052 1722 2083 ut

319 2094 413 2140 mei
433 2096 506 2137 vel
526 2094 646 2136 illius
676 2092 847 2150 potior,
879 2095 950 2134 vel
977 2094 1274 2150 possessioni,
1306 2107 1358 2137 ut
1385 2095 1476 2139 mei
1499 2110 1628 2139 servo
1651 2099 1719 2139 lo—

321 2155 450 2211 quor.
508 2150 599 2194 Alii
615 2164 722 2192 vero
744 2165 870 2192 casus
889 2164 981 2192 non
1002 2153 1055 2192 ad
1055 2152 1416 2217 possessionem,
1447 2155 1526 2198 sed
1548 2155 1603 2195 ad
1625 2168 1720 2195 ver·
1741 2197 1748 2209 Α

319 2213 377 2254 ba
397 2211 544 2252 solum
566 2209 782 2251 feruntur
841 2206 983 2264 Igitur
999 2208 1066 2250 sui
1086 2223 1340 2265 pronomen
1365 2210 1436 2252 vel
1455 2211 1519 2252 ad
1529 2212 1719 2253 verbum

321 2281 498 2323 semper
513 2263 702 2322 ponitur
722 2264 1019 2330 reciprocum,
1052 2264 1100 2306 id
1119 2276 1186 2308 est
1210 2266 1281 2308 sui
1301 2265 1555 2333 passionem
1572 2265 1719 2334 signi·
1745 2266 1748 2274 ’

323 2324 482 2372 ficana,
513 2322 585 2364 vel
618 2321 968 2370 retransitivum,
999 2323 1073 2364 vel
1103 2323 1159 2363 ad
1189 2322 1542 2388 possessionem,
1573 2334 1622 2365 ut
1646 2324 1718 2366 sui
1742 2372 1748 2377 „

322 2394 451 2423 servo
467 2379 686 2445 loquitur,
707 2379 781 2419 vel
804 2377 873 2419 sui
891 2378 1143 2428 miseretur,
1163 2381 1235 2421 vel
1254 2389 1381 2436 rogat
1401 2395 1474 2421 me
1491 2379 1647 2430 vidua,
1667 2392 1719 2423 ut

320 2435 392 2479 sui
415 2435 644 2479 miserear·
676 2449 909 2499 nunquam
939 2437 1152 2489 absolute,
1184 2438 1411 2492 quomodo
1431 2435 1530 2486 alia,
1563 2447 1612 2478 ut
1625 2451 1716 2503 ego

321 2496 498 2552 loquor,
512 2504 556 2535 et
575 2503 625 2534 tu
644 2491 853 2549 loqueriS,
874 2502 918 2534 et
934 2491 1008 2535 ine
1029 2470 1243 2550 loquitur.
1301 2495 1420 2537 Cum
1438 2492 1594 2545 enim,
1597 2492 1718 2573 sicut

365 2705 402 2752 5.
424 2717 480 2750 25,
512 2701 702 2740 Terentius
729 2705 770 2738 in
798 2705 956 2740 Andria.
981 2707 1061 2741 Act.
1083 2706 1134 2740 II.
1155 2706 1213 2741 Sc.
1233 2716 1269 2752 3.
1288 2717 1342 2743 vs.
1365 2696 1399 2751 3.
1447 2706 1552 2743 Idem
1578 2706 1620 2742 in
1647 2716 1715 2740 ea·
1737 2743 1748 2750 ,

415 2754 505 2786 dem.
530 2752 683 2785 Act.·11.
705 2752 763 2786 sc.
786 2762 819 2796 3.
841 2764 893 2787 vs.
916 2758 970 2792 28.

366 2798 403 2844 S.
421 2799 477 2834 26.
502 2797 565 2834 vel
590 2798 823 2844 reciprocari,
868 2799 1003 2846 3Ajdjeci
1022 2810 1044 2834 e
1063 2796 1180 2835 Codd.
1202 2798 1274 2835 vel.
