1748 3112
247 241 329 287 540
624 243 748 283 Lm.
779 241 890 283 v11.
950 242 1083 306 ομ).
1115 241 1246 287 xlv.

253 357 358 399 dos:
395 357 577 397 Ultricia
615 355 766 407 Grajis
794 354 1031 408 virginibus
1062 355 1163 395 dare
1193 357 1276 395 tela
1306 366 1444 409 pater.
1501 356 1652 401 Posti·

252 412 389 456 etiam
411 427 434 454 a
452 423 579 469 poste
600 412 671 453 vel
691 410 811 467 posti
837 409 1048 459 invenio,
1083 410 1201 466 quia,
1223 422 1275 452 ut
1295 426 1423 468 supra
1439 410 1652 466 di'ximn's,

254 485 282 513 a
306 471 476 511 duabus
496 465 843 510 consonantibus
863 466 1088 524 incipiens
1109 466 1252 509 finalis
1265 469 1427 520 syllaba
1446 468 1493 511 in
1514 468 1553 512 is
1567 471 1650 511 de-

255 525 382 569 sinit.
441 523 731 578 Lucanustin
763 523 946 580 quinto:
996 527 1099 564 Yam
1122 534 1240 578 poste
1273 527 1428 566 reclamo
1458 528 1544 567 dux
1571 530 1652 568 ait.

259 582 447 627 Ovidius
477 582 525 623 in
547 585 596 624 V.
615 583 1071 637 Metamorphoseon:
1100 583 1325 634 Raptaque
1352 583 1401 622 de
1419 585 1562 624 dextro
1581 598 1652 624 ro·-

259 641 384 682 busta
404 641 609 694 repagula
619 642 736 692 posti
754 639 910 678 ossibus
927 641 1077 678 inlisit.
1127 641 1176 679 ln
1198 652 1242 678 as
1256 652 1433 703 quoque
1452 639 1652 681 circum-—

260 699 386 746 flexa,
418 710 530 752 quae
549 695 667 752 apud
682 705 855 735 veteres
882 693 1016 735 etiam
1039 693 1087 735 in
1109 694 1162 735 tis
1187 696 1379 749 proferri
1402 696 1650 743 docuimus,

259 765 352 796 tam
372 752 421 794 in
438 767 463 794 e
489 767 622 810 quam
645 750 694 791 in
717 750 732 791 i
754 750 920 791 finiunt
951 750 1208 792 ablativum.
1271 750 1430 794 Cicero
1461 767 1540 808 pro
1567 757 1654 796 Va-

260 824 395 853 reno:
434 811 476 850 C.
515 810 757 852 Ancharius
796 809 937 861 Rufus
963 807 1062 860 fait
1098 824 1118 846 e
1148 813 1378 862 municipio
1408 811 1651 864 Fulginate.

261 868 385 910 Idem
420 864 472 906 in
501 867 684 908 eodem:
725 867 779 904 In
810 864 1088 918 praefectura
1118 867 1362 919 Fulginate.
1420 866 1543 907 Idem
1568 879 1652 922 pro

193 939 237 977 ᾳι
265 922 503 967 Cluentio:
552 924 621 962 Ex
660 924 889 974 municipio
923 923 1167 963 Aletrinati.
1228 921 1320 964 Alia
1357 935 1467 963 vero
1499 920 1654 964 omnia

260 979 416 1022 tertiae
437 975 753 1021 declinationis
775 975 962 1018 nomina
990 975 1039 1016 in
1061 991 1085 1017 e
1109 976 1319 1019 desinunt
1340 992 1417 1033 per
1436 977 1654 1020 ablativos

259 1047 533 1091 correptam,
574 1048 677 1076 cum
708 1048 866 1075 omnes
895 1033 1005 1074 aliae
1030 1033 1367 1076 terminationes
1397 1033 1578 1076 ablativi
1603 1031 1656 1076 in

261 1091 390 1136 omni
432 1091 729 1134 declinatione
767 1091 1088 1146 producantur.
1147 1094 1260 1147 Ergo
1293 1089 1331 1131 si
1366 1104 1452 1147 qua
1491 1105 1544 1132 ex
1566 1089 1654 1139 his,

261 1164 377 1206 quae
409 1149 575 1190 debent
601 1147 650 1188 in
678 1161 702 1188 e
729 1161 808 1202 per
840 1145 1084 1187 ablativum
1115 1145 1332 1203 proferri,
1369 1146 1656 1189 inveniamus

260 1221 342 1264 per
367 1203 384 1245 i
404 1206 586 1261 prolata,
618 1200 875 1244 auctoritati
893 1201 1207 1257 adscribimus,
1239 1218 1351 1261 quae
1369 1218 1499 1259 saepe
1521 1202 1658 1246 etiam

261 1260 431 1304 dativis
459 1275 540 1316 pro
568 1258 798 1309 ablativis,
839 1272 1018 1300 necnon
1047 1259 1181 1302 etiam
1212 1274 1292 1317 pro
1327 1259 1558 1317 genitivus
1589 1269 1658 1301 est

260 1333 355 1361 usa.
416 1315 627 1374 Virgilius
653 1315 702 1356 in
734 1319 918 1357 octavo:
958 1317 1198 1358 Adventum
1224 1319 1398 1359 Aenean
1430 1319 1561 1357 classi
1588 1320 1656 1357 νί-

257 1386 431 1429 ctosque
443 1384 646 1428 penates,
675 1385 758 1428 pro
778 1373 1013 1413 advectum
1037 1374 1195 1421 classe,
1227 1371 1317 1415 nisi
1340 1373 1539 1414 dicamus
1558 1373 1658 1415 hel-

261 1431 455 1474 lenismo
477 1444 612 1472 usum
633 1442 725 1470 esse
746 1428 942 1484 poetam.
982 1428 1150 1470 Dativo
1171 1429 1289 1471 enim
1323 1429 1445 1470 ca‘sui
1475 1428 1542 1470 illi
1568 1431 1658 1471 hoc

262 1489 514 1543 adjungunt
540 1487 744 1527 verbum.
801 1488 851 1526 In
891 1484 1068 1527 Graecis
1099 1497 1166 1527 est
1193 1487 1370 1542 quando
1399 1485 1659 1535 invenimus

263 1559 289 1586 e
320 1545 533 1600 producta
571 1540 692 1582 finiri
727 1540 971 1582 ablativum
1011 1551 1100 1583 tam
1132 1542 1298 1598 primae
1327 1556 1458 1597 quam
1499 1540 1658 1583 tertiae

264 1597 578 1642 declinationis
607 1596 871 1645 nominum,
913 1596 991 1653 qui
1022 1598 1162 1654 magis
1183 1597 1359 1640 dativus
1381 1599 1448 1640 est
1467 1601 1658 1640 Graecus

262 1654 439 1713 positus
460 1669 542 1712 pro
564 1653 724 1696 Latino
747 1652 956 1698 ablativo.
1013 1653 1222 1711 Virgilius
1244 1654 1292 1696 in
1326 1654 1471 1711 primo
1491 1653 1658 1697 Aenei-

264 1714 371 1754 dos:
402 1715 494 1766 lpse
525 1727 605 1752 uno
633 1712 838 1765 graditur
872 1715 1098 1751 comitatus
1133 1714 1311 1752 Achate.
1371 1714 1575 1754 Lucanus
1604 1711 1654 1752 in

214 1817 218 1821 ⁸
263 1780 449 1811 octavo:
483 1771 700 1822 Signaque
725 1768 778 1806 ab
798 1769 1017 1820 Euphrate
1035 1783 1130 1808 eum
1154 1770 1316 1809 Crassis
1336 1777 1465 1821 capta
1483 1782 1657 1822 sequen-

193 1841 238 1878 ?2
262 1823 609 1882 te0?⁷Similit‹;t
635 1838 659 1866 a
689 1825 1020 1873 Demosthene,
1059 1822 1315 1874 Aristotele,
1361 1827 1655 1881 Hermogene.

310 2022 312 2025 .
355 1992 436 2028 tela
463 1991 591 2027 Codex
617 1990 729 2026 Luth.
754 1990 795 2024 in
821 1991 1005 2037 margine,
1032 1991 1110 2026 Erl.
1133 2003 1164 2026 2.
1187 1992 1228 2025 in
1242 1996 1349 2026 textu
1365 1990 1468 2026 addit
1486 1992 1657 2032 Danaus,

358 2050 471 2085 quam
497 2050 631 2072 vocem
658 2037 699 2071 in
726 2038 836 2071 MSS.
867 2038 999 2071 Zwiec.
1025 2050 1053 2072 1.
1079 2051 1111 2072 ρ.
1134 2039 1236 2083 Lips.
1258 2050 1290 2073 2-
1318 2043 1403 2083 post
1425 2042 1535 2082 pater
1563 2035 1655 2070 scri-

357 2090 463 2131 ptam
487 2084 673 2118 invenies.
721 2085 897 2117 Lucanus
915 2086 956 2116 in
979 2086 1019 2119 V.
1049 2095 1101 2118 vs.
1122 2094 1202 2129 551.
1250 2085 1323 2118 Pro
1351 2090 1429 2117 tum
1445 2082 1528 2116 MS.
1550 2081 1653 2134 Lips.

360 2143 393 2167 α.
415 2137 513 2165 tunc.
564 2130 719 2165 Ovidius
739 2129 779 2162 in
801 2130 843 2164 V.
861 2132 1015 2164 Metam.
1040 2142 1094 2164 vs,
1114 2142 1190 2165 120.
1240 2131 1313 2164 Pro
1333 2128 1455 2169 inlisit
1472 2126 1541 2162 Ed.
1563 2127 1656 2162 Gie-

356 2176 503 2221 rigiana
523 2175 639 2210 illidit
656 2174 821 2209 exhibet.
868 2174 1021 2210 Deinde
1038 2182 1124 2221 post
1140 2175 1340 2222 Fulginate
1362 2185 1384 2208 e
1404 2174 1512 2208 MSS.
1534 2172 1656 2216 adjeci

357 2224 474 2259 Idem.
522 2223 596 2256 Pro
627 2221 781 2266 vulgato
809 2221 935 2254 eadem
962 2221 1170 2256 secundum
1198 2222 1279 2256 MS.
1302 2219 1414 2256 Luth.
1443 2218 1539 2254 Edd.
1559 2212 1653 2255 ven.

355 2268 508 2304 restitui
547 2268 680 2302 eodem.
727 2265 829 2300 Illud
867 2266 972 2300 enim
1005 2278 1028 2302 e
1060 2267 1300 2302 correctione
1336 2271 1464 2300 ortum
1490 2264 1653 2300 videtur.

313 2309 315 2312 ⁵
361 2313 613 2359 Praefectura.
639 2312 723 2346 MS.
743 2312 844 2356 Lips.
867 2323 898 2346 2.
918 2313 961 2346 id
976 2314 1091 2347 estin
1110 2314 1281 2347 comitatu
1300 2313 1339 2346 in
1353 2306 1594 2356 praefectura
1613 2311 1656 2344 in

355 2361 522 2396 civitate.
569 2359 657 2392 Duo
685 2367 776 2402 ergo
797 2357 1023 2402 glossemata
1049 2358 1090 2391 in
1107 2364 1254 2393 textum
1270 2358 1375 2391 illata
1390 2355 1463 2390 hoc
1482 2355 1568 2390 loco
1590 2355 1655 2391 de·

352 2404 571 2453 prehendis.
620 2403 728 2438 Idem
746 2402 952 2449 Fulginati.
1006 2403 1079 2440 Cic.
1096 2415 1169 2450 pro
1189 2404 1367 2439 Cluentio.
1394 2401 1485 2447 Cap.
1510 2401 1563 2437 16.

306 2480 342 2527 5.
353 2492 418 2561 C.
445 2478 540 2515 Alia
556 2489 642 2513 vero
662 2477 796 2513 omnia.
843 2476 924 2520 Ego
944 2487 966 2510 e
984 2477 1093 2511 MSS.
1114 2475 1224 2512 Luth.
1249 2477 1383 2512 Zvvicc.
1409 2486 1439 2510 ι.
1461 2487 1495 2510 2.
1513 2475 1651 2510 Dresd.

295 2545 298 2547 ·
389 2525 456 2572 ‘ps.
482 2537 511 2559 1.
534 2536 567 2559 2.
588 2535 622 2568 3.
642 2523 721 2557 Erl.
747 2535 776 2557 1.
799 2534 829 2557 2.
852 2522 980 2556 addidi
996 2524 1131 2557 omnia.

309 2604 408 2648 Ergo
435 2600 471 2634 εἰ
499 2609 585 2645 qua.
621 2596 754 2631 Zwicc.
775 2608 807 2631 2.
836 2596 871 2630 si
899 2595 1038 2642 aliqua.
1091 2597 1191 2643 Virg.
1211 2597 1251 2630 in
1272 2597 1381 2631 VIII.
1401 2606 1455 2630 vs.
1477 2607 1530 2630 u.
1562 2596 1653 2630 =Pr0

352 2647 472 2682 victos
499 2655 596 2678 unus
619 2653 794 2678 meorum
822 2648 956 2676 vectos.
1006 2640 1234 2678 Hellenismo
1251 2653 1321 2687 per
1347 2641 1477 2676 literas
1497 2640 1651 2676 Latinae

346 2690 585 2728 efferendum
605 2688 743 2723 curavi.
793 2689 875 2721 Nec
894 2693 1043 2722 temere
1068 2687 1142 2721 hoc
1158 2688 1245 2722 feci.
1273 2689 1370 2722 Nam
1387 2687 1547 2722 Codices
1566 2687 1648 2732 ple-

344 2738 457 2786 rique
484 2742 524 2783 et
542 2734 638 2771 Edd.
659 2735 753 2770 Ven.
774 2735 827 2768 ita
849 2733 1033 2779 scriptum
1061 2734 1251 2776 referunt,
1277 2744 1364 2769 cum
1390 2732 1481 2769 mm·
1498 2731 1643 2779 vulgati
