1748 3112
298 267 378 310 462
660 261 898 304 L113.1x.
955 217 1099 303 CAi’.
1130 260 1378 303 v111.1x.

302 378 421 427 facit,
455 377 575 434 quod
594 373 730 417 etiam
756 372 895 416 strido
915 373 1065 416 stridis
1094 373 1253 416 tertiae
1271 373 1604 432 conjugationis
1625 375 1691 418 in·

299 435 494 479 venitur.
555 435 573 475 I
594 442 745 473 autem
782 442 874 473 tam
901 429 949 472 in
972 430 1200 487 praesenti
1233 446 1364 486 quam
1390 431 1436 472 in
1455 432 1692 488 praeterito

297 495 560 553 productam
590 490 734 531 habet.
794 486 1003 544 Virgilius
1023 487 1071 528 in
1091 490 1199 530 VIII.
1242 489 1517 542 Stridzmtque
1546 504 1694 530 caver-

300 555 368 593 nis
392 553 623 589 stricturae
644 547 874 600 chalybum
890 554 931 584 ec
938 544 1197 598 fornacibus
1219 549 1335 599 ignis
1354 547 1537 587 anhelat.
1599 549 1693 588 Lu-

299 619 437 651 canus
468 604 515 645 in
544 606 617 647 VI.
647 603 832 646 Auribus
873 606 1079 642 incertum
1115 602 1278 655 feralis
1316 605 1497 642 strideat
1534 604 1693 643 umbra.

300 661 465 708 Statius
487 661 535 702 in
557 671 740 717 quarto:
773 663 917 710 Hujus
951 663 1193 712 inaspectae
1224 662 1317 699 luco
1346 660 1520 699 stridere
1549 665 1693 714 sagit-

301 734 379 763 tae.
438 717 588 761 Attius
619 717 667 758 in
695 714 937 758 Alcestide:
981 717 1084 755 Cum
1117 717 1310 756 strideret
1336 726 1524 757 retracta
1548 731 1694 758 rursus

218 789 272 823 IX
302 780 463 833 infin-is.
522 773 601 817 Sin
629 783 780 814 autem
805 771 945 829 prima
975 773 1138 824 syllaba
1167 770 1215 812 in
1241 772 1322 812 deo
1353 772 1697 816 terminatorum

224 835 398 894 46lpost
417 843 588 874 mutam
610 830 804 885 aliquam
835 830 906 870 vel
934 843 979 868 m
1006 827 1323 869 semivocalem
1344 845 1368 871 e
1398 830 1466 870 vel
1493 845 1520 872 o
1544 831 1698 872 corre..

292 903 395 951 ptas
426 886 634 932 babuerit
663 886 712 927 in
748 885 941 941 aliquam
964 884 1177 942 liquidam
1202 884 1472 933 desinentes,
1498 886 1695 943 duplica·

291 961 395 996 tur,
429 946 494 988 sic
518 956 688 991 tamen,
721 954 773 985 ut
805 941 947 998 priori
979 941 1303 997 geminatarum
1325 954 1515 984 extrema
1541 956 1694 986 conso-

290 1019 406 1050 mans
429 1004 723 1045 subtrahatur.
782 1002 838 1041 Et
868 998 933 1040 sic
954 1013 1006 1039 eo
1031 998 1078 1038 in
1112 997 1127 1039 i
1156 997 1384 1040 conversis
1406 997 1455 1040 fit
1475 998 1698 1056 praeteri-

289 1074 394 1105 tum
422 1060 695 1117 perfectum,
744 1067 794 1098 ut
832 1058 1006 1112 pendeo
1040 1053 1259 1111 pependi,
1305 1056 1471 1097 tondeo
1500 1054 1692 1104 totondi,

291 1119 482 1163 mordeo
502 1113 740 1166 momordi,
770 1114 970 1169 spondeo
991 1111 1224 1168 spopondi.
1284 1114 1319 1153 A
1341 1125 1430 1167 quo
1453 1112 1586 1154 etiam
1604 1128 1625 1155 s
1646 1111 1696 1154 in

288 1175 489 1219 :secunda
513 1172 708 1213 demitur
729 1171 895 1223 syllaba
917 1168 1167 1225 euphoniae
1195 1182 1337 1212 causa.
1396 1171 1448 1211 In
1469 1168 1698 1227 composi-

292 1233 420 1275 tione
443 1241 590 1272 tamen
611 1230 720 1270 haee
743 1228 898 1268 eadem
923 1240 1016 1268 non
1038 1224 1271 1282 geminant
1293 1225 1589 1282 supradictam
1612 1227 1696 1281 syl·

290 1291 462 1336 naham,
496 1297 548 1328 ut
568 1285 821 1342 respondeo
842 1283 1079 1339 respondi,
1112 1283 1344 1338 dependeo
1367 1282 1582 1340 dependi,
1615 1283 1697 1325 de-

291 1347 482 1390 mordeo
509 1339 727 1389 demordi,
760 1341 1048 1397 praemordeo
1070 1339 1336 1396 praemordi‚
1369 1341 1594 1382 detondeo
1618 1341 1696 1382 de-

295 1402 444 1445 tondi.
503 1396 807 1442 Vetustissimi
833 1408 982 1437 tamen
1003 1391 1241 1438 detotondi
1258 1398 1556 1452 protulerunt.
1613 1400 1696 1439 En·

293 1459 401 1501 mins
421 1458 470 1499 in
493 1454 759 1499 Annalibus:
803 1456 862 1493 Et
883 1455 1115 1492 detotondit
1135 1468 1260 1507 agros
1282 1455 1412 1493 laetos
1430 1465 1557 1506 atque
1575 1457 1697 1508 oppi-

295 1518 357 1556 da
376 1518 496 1568 cepit.
555 1515 610 1554 At
633 1514 768 1552 Varro
790 1509 838 1550 in
859 1512 1024 1566 Magno
1038 1510 1248 1551 Talento:
1279 1511 1696 1563 Decotonderatsor·

295 1573 465 1626 cipibus
495 1568 821 1621 vitiearpcferis.
881 1569 951 1608 Au
982 1577 1082 1607 ante
1105 1568 1187 1607 deo
1219 1565 1428 1607 habentia
1450 1580 1531 1623 per
1552 1564 1698 1623 parti-

292 1628 470 1685 cipium
498 1626 550 1669 in
571 1622 811 1681 praeterito
846 1622 1130 1665 declinantur
1149 1636 1297 1670 nunc,
1327 1633 1378 1664 ut
1398 1623 1542 1665 audeo
1563 1630 1698 1670 ausus

228 1712 273 1746 47
301 1700 423 1736 sum,
479 1684 652 1741 gaudeo
686 1680 862 1736 gavisus
895 1694 1010 1721 sum.
1071 1678 1372 1722 Vetustissimi
1403 1690 1449 1721 et
1481 1679 1579 1721 ausi
1616 1694 1696 1736 pro

247 1762 250 1765 ·
298 1755 429 1785 ausus
449 1756 565 1787 sum,
598 1750 642 1780 et
664 1735 808 1793 gavisi
827 1751 906 1793 pro
927 1735 1108 1793 gavisus
1129 1749 1243 1786 sum,
1273 1737 1575 1792 protulerunt.
1608 1739 1697 1780 Ca-

298 1810 344 1842 to
384 1795 628 1842 Censorius
666 1795 714 1836 in
749 1793 953 1835 oratione
991 1806 1073 1848 pm
1103 1795 1151 1834 L.
1186 1792 1430 1835 Autronio:
1490 1795 1696 1844 Beneficii

290 1857 498 1912 postridie
514 1857 688 1906 jussisti
714 1852 856 1891 adesse
888 1855 935 1890 ire,
965 1852 1074 1890 diem
1100 1865 1148 1889 ex
1177 1850 1244 1890 die
1270 1866 1356 1901 nori
1374 1855 1470 1890 ausi
1488 1866 1694 1891 recusare.

298 1911 457 1954 Livius
489 1910 537 1950 in
567 1907 767 1952 Odissia:
813 1909 1023 1959 Quoniam
1064 1907 1213 1946 audiui
1243 1911 1400 1959 paucis
1426 1911 1585 1960 gavisi.
1645 1911 1694 1948 L.

297 1967 477 2011 Cassius
511 1963 705 2007 Hemina
734 1963 782 2005 in
810 1965 1009 2022 secundo
1039 1961 1305 2003 Annalium:
1344 1964 1475 2016 quue
1504 1965 1697 2004 admira-

296 2035 386 2065 tam
405 2039 484 2064 esse
501 2025 659 2076 gavisi.
706 2023 759 2062 In
782 2022 868 2061 hoc
887 2021 1024 2060 verbo
1047 2018 1179 2060 etiam
1201 2018 1315 2060 illud
1334 2017 1699 2062 animadverten-

299 2082 422 2128 dum,
455 2079 581 2136 quod
603 2076 745 2120 ausim
768 2074 884 2119 ausis
907 2074 1038 2130 ausit,
1066 2089 1148 2132 pro
1170 2073 1478 2129 subjunctivo,
1510 2077 1698 2119 audeam

306 2194 586 2212 ἢ

345 2272 490 2305 Statius
514 2271 555 2303 in
573 2271 645 2305 IV.
676 2269 763 2303 vide
782 2268 866 2302 Ind.

310 2343 312 2346 -
343 2318 474 2352 Attius
495 2317 535 2349 in
555 2315 756 2351 Alcestide.
792 2314 952 2349 Codices
977 2312 1306 2359 praestantissimi,
1331 2318 1373 2346 ut
1385 2311 1496 2346 Luth.
1517 2311 1692 2347 Heidelh.
1747 2337 1748 2340 ,

392 2362 495 2407 Lips.
519 2373 547 2395 1.
570 2373 601 2396 2.
633 2360 768 2395 Zwicc.
794 2372 823 2395 1.
841 2373 874 2395 2.
893 2360 974 2394 Erl.
999 2372 1027 2394 1.
1050 2372 1097 2402 2.‚
1125 2360 1274 2394 Accius.
1321 2357 1404 2393 MS.
1432 2358 1512 2392 Erl.
1532 2371 1565 2393 2.
1584 2358 1693 2394 Alci-

393 2409 489 2442 dide.

325 2484 327 2486 ,
345 2455 382 2501 S.
401 2454 460 2498 46.
500 2453 748 2488 Vetustissimi
784 2458 908 2499 tamen
949 2451 1241 2486 detotonderunt.
1309 2449 1547 2486 Auctoritate
1581 2451 1693 2486 MSS.

311 2509 314 2512 ’
392 2498 503 2533 Luth.
524 2498 625 2543 Lips.
647 2511 677 2534 2.
700 2498 875 2532 Heidelb.
897 2497 1008 2532 omisi
1026 2497 1138 2530 etiam
1156 2501 1242 2541 post
1263 2501 1398 2530 tamen.

312 2554 316 2558 ”
344 2548 393 2582 In
412 2544 527 2579 Ennii
545 2543 630 2578 loco
651 2545 832 2578 omittunt
852 2545 898 2579 ab
914 2543 1024 2577 initio
1042 2550 1081 2577 et
1101 2542 1174 2576 duo
1193 2552 1368 2576 meorum
1386 2542 1504 2577 Codri.

349 2595 479 2630 Varro.
531 2591 604 2625 Pro
624 2589 895 2637 viticarpiferis
917 2591 1025 2624 MSS.
1047 2588 1126 2623 Erl.
1152 2601 1180 2622 1.
1207 2601 1238 2623 2.
1261 2588 1394 2622 Zwicc.
1420 2601 1448 2623 1.
1471 2586 1692 2634 vitartferis.

393 2637 496 2683 Lips.
521 2649 551 2671 1.
561 2635 677 2682 feri-v.
714 2635 827 2671 Luth.
849 2634 1071 2681 vitamferis.
1119 2633 1294 2669 Heidelb.
1314 2635 1353 2668 ui
1368 2633 1550 2680 turiferis.
1596 2634 1690 2669 Edd.

391 2684 487 2718 Ven.
511 2695 541 2717 1.
565 2694 597 2717 2.
624 2683 738 2717 vitari
757 2681 865 2727 feris.

345 2731 382 2776 §-
402 2741 458 2776 47.
503 2728 752 2765 Vetustissimi
788 2734 826 2762 et
859 2729 954 2764 ausi.
1002 2728 1239 2762 Auctoritate
1267 2727 1346 2761 MS.
1379 2725 1558 2761 Heidellr.⁴
1585 2724 1694 2759 omisi

391 2781 513 2811 tamen
531 2779 618 2820 post
643 2775 896 2809 vetustissimi.
1212 2788 1214 2790 ·
