1748 3112
285 261 369 319 496
684 259 810 304 ΜΒ.
841 223 893 302 ic.
950 258 1095 302 cAP.
1125 261 1174 302 v.
1203 261 1280 303 v1.

288 378 358 424 do,
389 390 474 414 rem
505 375 577 414 ubi
592 383 779 427 pagum,
812 382 945 422 orato,
974 377 1021 413 ni
1045 385 1224 427 pagane.
1285 374 1442 441 Tango
1470 374 1680 434 praeteri-

287 445 386 477 tum
411 429 537 486 tetigi
565 428 693 478 facit,
728 439 772 471 et
791 443 942 486 pungo
972 430 1143 486 pupugi
1167 431 1238 472 vel
1262 445 1414 486 punxi.
1474 435 1608 477 Varro
1632 432 1681 476 in

286 488 435 547 primo
449 490 783 529 Humanarum:
819 489 872 526 Ut
892 487 1044 527 hahent
1057 490 1230 536 Pharii,
1248 491 1323 541 qui
1342 495 1547 531 vocantur
1562 487 1680 543 5⁹²¹&

289 553 439 604 γενεῑς,
471 555 509 584 et
535 548 581 583 in
608 543 766 598 Africa
796 546 960 597 Psylli,
993 560 1167 597 quorum
1198 546 1533 600 oplziogenistum
1562 547 1681 588 arbi·-

286 613 460 644 trantur
488 605 753 653 suppositum
782 616 868 640 esee
885 604 930 639 m
952 605 1082 653 stirpe
1099 604 1308 655 aliquem,
1342 607 1382 642 ei
1411 604 1678 652 admoveant,

286 671 335 700 ιιι
350 668 519 712 pungat
538 659 726 708 colubra,
736 697 743 711 y,
757 673 850 708 czpm
864 661 1110 710 pupugerit,
1141 662 1181 697 si
1204 660 1252 697 de
1269 675 1414 712 genere
1432 663 1505 708 eit,
1531 664 1681 708 vivere,

286 722 327 758 si
347 732 427 756 non
446 717 519 762 sit,
540 718 660 758 mori.
720 717 771 756 In
794 715 972 754 eodem:
1007 716 1198 754 Admota
1218 720 1350 768 aspie,
1381 732 1685 771 cumpupuge-

286 778 362 821 rit,
393 776 433 812 si
453 786 536 812 non
555 772 736 819 occidar,
767 775 894 820 sciat,
924 786 972 809 ex
998 773 1240 824 Psyllorum
1260 788 1343 812 esse
1365 777 1508 826 stirpe.
1569 774 1683 814 Nae·

287 832 389 870 vius
413 827 468 887 xin
500 829 768 870 Glaucoma:
802 828 924 878 Quod
950 828 998 866 de
1030 828 1200 868 obsonio
1227 831 1326 868 stilo
1354 832 1459 870 mihi
1486 834 1534 869 in
1554 843 1686 871 manu
1736 876 1738 878 ,

279 890 505 943 pupugit«
538 887 758 940 Expungo
792 898 898 926 vero
931 883 1126 939 expunxi
1159 883 1374 933 dicimus,
1406 897 1452 928 at
1482 898 1685 952 repungo

284 939 509 999 repupugi
542 952 586 982 et
608 939 827 997 >repunxi,
860 950 912 980 ut
933 942 1074 995 Capro
1105 939 1299 994 videtur.
1362 943 1478 985 cum
1501 958 1566 991 ei,
1606 940 1683 999 qui

284 1015 368 1042 nos
391 996 606 1055 pupugit,
642 997 878 1047 talionem,
913 996 961 1037 id
991 999 1057 1037 est
1089 996 1236 1046 vicem
1257 1012 1279 1039 a
1301 998 1434 1040 nobis
1466 998 1682 1043 redditam

285 1055 584 1102 ostendimm,
612 1053 836 1110 repupugi
858 1053 1063 1095 dicimus.
1126 1055 1321 1109 Quando
1341 1069 1445 1097 vero
1468 1056 1522 1097 de
1541 1053 1687 1100 ratio-

208 1123 262 1155 VI
286 1129 344 1155 ne
366 1113 435 1153 vel
463 1109 735 1163 Kalendario
769 1109 1022 1165 loquimur,
1053 1109 1245 1166 repunxi
1265 1110 1474 1154 dicimus.
1533 1114 1571 1155 A
1593 1123 1686 1156 tau·

213 1179 260 1213 53
285 1184 340 1226 go
365 1165 611 1223 composita
642 1181 736 1208 non
769 1166 1004 1222 duplicant
1038 1167 1231 1223 primam
1253 1169 1479 1221 syllabam,
1510 1167 1686 1211 contin·

282 1241 339 1283 go
370 1223 569 1281 contigi,
592 1222 766 1279 attingo
787 1222 927 1280 attigi.
986 1227 1042 1273 In,
1070 1223 1230 1280 quibus
1263 1226 1525 1274 notandum,
1560 1225 1687 1281 quod

279 1281 529 1340 penultima
563 1278 792 1336 praeteriti
823 1278 1085 1337 corripitur,
1116 1281 1360 1336 praesentis
1390 1296 1497 1324 vero
1520 1283 1684 1338 produ-

282 1340 414 1382 citur.
475 1340 645 1392 Abtago
667 1347 712 1377 et
743 1337 896 1393 frango
920 1348 964 1378 et
994 1339 1093 1394 lego
1112 1337 1362 1393 composita
1382 1348 1564 1381 servant
1583 1337 1687 1380 sim·

281 1395 472 1453 plicium
503 1392 819 1458 praeteritum,
853 1403 905 1437 ut
934 1393 1061 1448 exigo
1084 1392 1233 1449 exegi,
1263 1393 1454 1451 prodigo
1483 1393 1684 1452 prodegi,

283 1452 536 1510 degodegi,
570 1448 700 1505 abigo
724 1447 867 1505 abegi,
900 1449 1100 1505 infringo
1130 1448 1308 1506 infregi,
1341 1450 1572 1506 perfringe
1592 1466 1686 1507 per-

281 1507 418 1564 fregi‚
452 1505 615 1562 colligo
651 1504 834 1561 collegi,
866 1507 1012 1562 relego
1045 1505 1193 1562 relegi.
1248 1507 1380 1562 Quod
1401 1506 1686 1549 differentiae

281 1579 414 1608 causa
432 1578 524 1604 non
557 1562 748 1603 mutavit
766 1563 807 1602 le
826 1562 873 1602 in
890 1561 950 1610 li,
984 1562 1190 1618 quamvis
1223 1563 1357 1605 etiam
1381 1577 1541 1621 perago
1563 1578 1588 1605 a
1603 1563 1686 1605 im·
1720 1602 1722 1604 .

279 1620 547 1664 mutabilem
569 1617 779 1665 servavit,
813 1628 856 1659 et
882 1620 993 1674 dego
1017 1633 1096 1674 per
1116 1634 1361 1675 syncopam
1383 1636 1407 1661 a
1429 1618 1686 1676 euphoniae

281 1693 412 1721 causa
437 1675 642 1733 protulit.
702 1673 1005 1730 Excipiuntur
1037 1675 1258 1716 mutantia
1279 1675 1499 1733 simplicis
1517 1675 1684 1742 signifi-

281 1735 522 1779 cationem,
557 1745 669 1788 quae
691 1731 898 1786 superius
918 1730 1163 1786 posuimus,
1198 1731 1374 1789 negligo
1397 1734 1584 1790 neglexi,
1617 1731 1683 1775 di-

280 1791 374 1848 ligo
401 1788 552 1837 dilexi,
585 1787 790 1843 intelligo
812 1788 1027 1836 intellexi,
1061 1788 1267 1843 quamvis
1287 1789 1504 1833 Aemilius
1532 1791 1685 1832 Macer

282 1863 333 1890 m
362 1844 670 1889 sextodecimo
696 1845 969 1886 Annalium:
1016 1847 1214 1886 Omnium
1243 1844 1684 1901 nostrusn'neglegerit

282 1908 610 1952 auctoritatem,
643 1916 724 1965 pro
756 1901 997 1958 neglexerit
1027 1901 1101 1942 ait.
1162 1902 1330 1958 Supina
1352 1903 1400 1943 i‘n
1432 1901 1475 1944 εἰ1
1498 1902 1683 1958 quidem
1730 1919 1732 1922 ’

267 1959 495 2006 ¹facientia
517 1968 813 2014 praetentum
844 1973 924 2014 per
951 1972 1049 1998 sum
1071 1959 1304 2012 proferunt
1327 1960 1579 2001 secundum
1608 1971 1681 2000 su-

281 2016 530 2073 pradictam
564 2015 782 2070 regulam,
812 2025 866 2061 ut
888 2029 1038 2070 mergo
1061 2014 1192 2055 mersi
1210 2029 1430 2063 mersum,
1462 2026 1587 2070 tergo
1608 2015 1680 2055 vel

228 2070 231 2082 ¹
281 2085 433 2129 tergeo
463 2069 567 2112 tersi
599 2082 789 2118 tersum,
821 2085 979 2126 spargo
1010 2069 1148 2126 sparsi
1179 2086 1396 2127 sparsum.
1455 2072 1552 2112 Alia
1575 2084 1683 2113 vero

283 2129 436 2172 omnia
465 2126 589 2185 goin
613 2138 738 2169 ctum
768 2138 1062 2182 convertunt,
1094 2138 1146 2169 ut
1174 2142 1280 2185 rego
1312 2138 1511 2179 rectum,
1538 2131 1680 2184 jungo

373 2309 554 2342 oratione.
600 2307 750 2342 Falsum
778 2308 852 2342 hoc
879 2319 964 2342 esse
989 2313 1107 2353 patet.
1157 2308 1347 2354 Syllabam
1365 2310 1406 2343 m·
1425 2307 1584 2344 Codices
1601 2307 1680 2342 mei
1726 2314 1728 2319 ’

375 2365 519 2388 omnes.
569 2354 732 2399 Reliqua
761 2366 805 2388 ex
831 2354 1041 2399 scripturae
1072 2355 1297 2400 compendio
1317 2355 1391 2389 sic:
1418 2355 1511 2388 ort5.
1560 2354 1679 2388 Intel-

330 2421 335 2422 ν
371 2400 443 2444 ligi
460 2399 561 2432 haud
591 2399 704 2434 dubie
733 2400 935 2434 voluerunt
955 2401 1095 2443 oratio,
1120 2400 1173 2434 ita
1192 2407 1234 2435 ut
1260 2400 1439 2443 adjuncto
1470 2402 1511 2435 ni
1532 2399 1678 2435 dativus

373 2446 433 2480 sit.
484 2446 565 2479 Nec
583 2451 823 2490 tameuputo
852 2446 958 2480 nefas
976 2457 1071 2488 esse,
1096 2453 1205 2480 recte
1223 2447 1455 2493 intelligere.

327 2494 478 2527 admota
499 2492 615 2536 aspis.
663 2492 773 2525 Haud
796 2492 905 2536 pauci
926 2491 1043 2526 Codd.
1063 2498 1233 2526 ammeta.

327 2539 424 2586 quod
452 2539 494 2571 de
526 2537 684 2571 obsonio.
734 2539 832 2571 Ante
861 2538 1009 2571 obsonio
1034 2537 1219 2572 Codicum
1243 2550 1418 2574 meorum
1443 2539 1547 2581 jussu
1564 2537 1676 2573 omisi

373 2596 425 2620 603
475 2583 576 2628 Lips.
601 2595 634 2617 2.
656 2583 800 2617 omittit
822 2585 877 2625 de,
905 2583 1056 2617 exhibet
1086 2595 1175 2618 vero
1196 2596 1249 2618 eo·
1289 2587 1330 2619 in
1350 2597 1473 2619 manu.
1493 2584 1619 2630 Vulgo
1634 2585 1676 2618 in

372 2641 531 2663 manum.
579 2629 768 2674 Equidem
794 2642 814 2664 e
835 2631 943 2665 MSS.
965 2629 1140 2664 Heidelh.
1159 2626 1237 2664 Erl.
1262 2643 1292 2665 1.
1314 2643 1436 2665 manu.
1484 2631 1559 2665 Pro
1579 2630 1677 2676 quod

373 2676 418 2710 de
439 2674 533 2709 Edd.
552 2675 646 2710 Ven.
666 2678 717 2710 Et
737 2689 815 2710 cum
834 2688 888 2710 eo.
935 2676 1078 2709 Vocem
1106 2674 1295 2711 obsonium
1323 2677 1486 2721 explicat
1507 2681 1600 2713 nota
1616 2674 1675 2708 ἰη-
1714 2704 1720 2708 .

371 2719 588 2756 tex-linearis
609 2720 649 2754 in
668 2722 750 2756 MS.
770 2715 945 2756 Heidelh.
965 2721 1034 2755 ita:
1059 2722 1230 2767 generali
1258 2722 1435 2756 vocabulo
1462 2733 1565 2757 omne
1583 2732 1674 2767 epu-

373 2769 460 2809 lum,
483 2767 580 2813 quod
597 2769 798 2814 apponitur
817 2769 868 2803 ad
884 2769 1190 2810 manducandum,
1219 2768 1408 2803 obsonium
1427 2763 1574 2805 dicitur.
