1748 3112
281 262 359 304 552
394 259 396 262 ’
643 266 764 306 Llss.
798 267 903 307 VII.
970 267 1106 308 CAP.
1139 269 1323 310 XVIII.

282 380 411 418 telam,
427 377 612 417 studiose
634 381 774 431 ipsam,
794 379 1067 433 offendimus,
1098 381 1362 421 mediocriter
1382 384 1581 423 vestitam
1601 398 1672 424 νε-

281 435 555 494 stffugubri,
587 439 676 484 ejas
699 439 835 474 anuis
850 451 999 483 causa,
1028 440 1197 489 opinor,
1226 453 1338 491 quae
1353 447 1446 478 erat
1463 437 1642 480 mortua.

395 489 588 533 Dativus
602 497 695 543 ejus
721 489 1036 533 declinationis
1057 492 1106 534 fit
1127 508 1150 533 a
1171 493 1386 550 genitivo,
1410 495 1575 548 abjecta
1594 506 1673 537 set

279 546 429 598 addita
456 546 496 596 i,
537 548 616 591 sed
660 546 899 604 corripitur
936 548 1210 604 penultima,
1266 561 1316 592 ut
1345 550 1455 593 huic
1482 551 1671 599 senatui,

278 603 448 648 manui.
506 608 583 647 Est
610 615 758 647 tamen
787 606 966 659 quando
995 617 1148 656 poetae
1179 606 1311 648 metri
1349 620 1475 649 causa
1505 622 1584 662 pro
1617 621 1672 649 eo

279 661 472 704 ablativo
493 672 699 704 utuntur.
758 660 968 716 Virgilius
996 661 1044 702 in
1064 665 1098 705 Ι.
1121 662 1365 705 Aeneidos:
1398 666 1672 711 Parcemettcs.

283 721 506 773 Cytherea,
548 728 716 758 manent
741 722 916 758 immota
954 727 1120 759 tuorum
1134 721 1245 774 sata
1272 722 1374 768 tibi,
1412 734 1492 776 pro
1517 719 1674 762 metui.

279 778 403 818 Idem
427 773 475 816 in
497 777 588 818 1111.
610 774 886 831 Georgicon:
916 777 1111 830 Namque
1140 779 1257 817 aliae
1283 780 1401 817 victu
1422 779 1675 831 invigilant,

276 847 359 888 pro
383 830 543 874 victui.
602 835 657 874 In
676 833 858 874 eodem:
883 832 1128 877 *Concubitu
1149 835 1384 888 indulgent,
1414 847 1494 890 pro
1508 847 1674 875 concu-

277 887 411 934 bitui.
472 908 481 914 ·

210 954 256 996 89
395 944 684 988 Accusativus
708 956 891 1001 quartae
912 943 1228 988 declinationis
1249 960 1272 986 a
1295 943 1581 989 nominativo
1606 943 1672 994 fit,

277 1013 447 1057 mutata
467 1017 486 1044 s
510 1001 559 1043 in
581 1015 626 1041 m
640 1033 651 1055 ‚
686 1003 805 1043 hunc
824 1014 1029 1043 senatum
1044 1033 1056 1050 ‚
1089 1004 1204 1043 hanc
1227 1017 1426 1044 manum.

391 1058 632 1102 vocativus
668 1057 827 1100 similis
869 1070 935 1100 est
963 1057 1274 1108 nominativo,
1314 1058 1389 1101 hic
1413 1069 1618 1109 senatus,
1646 1072 1676 1102 ο

278 1127 455 1159 senatus
471 1147 482 1163 ‚
515 1117 623 1156 haec
643 1130 800 1156 manus
816 1147 826 1163 ,
861 1130 886 1156 o
907 1129 1076 1156 manus.

391 1170 620 1215 Ablativus
643 1171 693 1213 fit
714 1186 737 1212 a
756 1171 978 1228 genitivo,
1004 1173 1174 1224 abjecta
1196 1187 1231 1222 s,
1262 1171 1472 1229 producit
1484 1169 1610 1214 enim
1628 1187 1674 1221 u,

278 1232 332 1272 ab
353 1231 440 1271 hoc
461 1238 642 1275 senatu,
675 1230 733 1269 ab'
751 1230 832 1269 hac
855 1244 1007 1270 manu.
1678 1271 1682 1274 ,

392 1283 710 1328 Nominativus
729 1296 773 1327 et
798 1285 1073 1328 accusativus
1101 1296 1146 1327 et
1166 1284 1401 1329 vocativus
1424 1282 1604 1343 pluralis
1625 1282 1678 1326 in

277 1347 361 1387 hac
394 1340 697 1384 declinatione
734 1339 895 1384 similis
926 1354 993 1383 est
1026 1341 1230 1399 genitivo
1263 1340 1504 1400 singulari,
1548 1351 1595 1383 ut
1625 1339 1677 1382 hi

229 1450 231 1452 ¹
281 1413 323 1443 et
344 1403 424 1441 hos
455 1409 498 1440 et
517 1413 542 1440 o
563 1408 767 1446 senatus,
810 1401 891 1439 hae
927 1409 970 1440 et
992 1401 1070 1441 has
1098 1409 1141 1440 et
1166 1413 1193 1440 o
1215 1412 1385 1442 manus.
1449 1400 1544 1439 Hae
1567 1398 1674 1439 Idus

278 1460 436 1499 harum
460 1456 616 1497 Iduum
645 1456 719 1495 has
752 1464 795 1495 et
817 1469 841 1495 ο
874 1456 975 1496 Idus
998 1470 1173 1511 semper
1194 1455 1365 1511 plurale
1392 1468 1480 1503 est,
1512 1464 1563 1496 ut
1581 1468 1674 1496 om·

280 1513 406 1555 nium
432 1513 651 1553 festorum
669 1510 864 1555 nomina.

151 1587 154 1590 >
206 1588 251 1623 9⁰
392 1566 632 1612 Genitivus
653 1566 1162 1623 pluralisanominativo
1185 1568 1235 1610 fit
1246 1568 1475 1626 singulari,
1507 1569 1677 1620 abjecta

277 1642 298 1670 s
316 1637 360 1669 et
381 1635 605 1680 assumpta
639 1639 734 1665 um.
793 1623 1043 1680 Corripitur
1072 1625 1191 1666 enim
1221 1642 1253 1667 u
1274 1625 1324 1666 in
1345 1637 1531 1680 utraque
1552 1625 1676 1677 sylla-

261 1687 355 1734 «ba‚
399 1682 627 1738 quomodo
658 1691 703 1722 et
731 1680 1064 1733 nominativus,
1106 1683 1268 1724 horum
1300 1693 1559 1728 senatuum,
1599 1683 1675 1722 ha·

278 1755 380 1783 rum
409 1752 639 1780 manuum.
698 1740 756 1780 Et
777 1748 951 1794 oportet
971 1735 1108 1792 scire,
1149 1740 1272 1794 quod
1301 1737 1351 1780 in
1374 1741 1458 1780 hac
1482 1735 1673 1779 declina-

279 1796 406 1839 ti⁴one
427 1809 584 1836 omnes
608 1808 732 1836 casus
754 1809 878 1851 pares
900 1796 1063 1835 habent
1081 1796 1265 1848 syllabas
1290 1792 1567 1837 nominativo
1588 1792 1674 1835 sin-

278 1851 441 1910 gulari,
486 1862 669 1906 excepto
703 1850 855 1892 dativo
884 1850 1098 1906 singulari
1131 1862 1176 1893 et
1207 1851 1409 1908 genitivo
1443 1861 1487 1893 et
1521 1849 1674 1892 dativo

282 1920 327 1951 et
346 1907 539 1950 ablativo
568 1907 837 1963 pluralibus,
867 1906 946 1963 qui
973 1921 1063 1948 una
1093 1919 1302 1964 superant
1331 1908 1519 1961 syllaba,
1552 1907 1673 1961 quod

278 1967 468 2007 habebat
488 1963 622 2006 etiam
653 1963 879 2021 genitivus
907 1962 1165 2020 singularis,
1198 1979 1302 2006 cum
1329 1963 1448 2020 apud
1468 1961 1672 2005 vetustis·
1735 1959 1742 1967 ‘

371 2128 517 2163 omittit
535 2127 617 2162 MS.
642 2127 753 2162 Luth.
801 2129 891 2162 Post
919 2129 1082 2163 Dativus
1109 2126 1269 2172 expunxi
1302 2126 1506 2173 singularis
1533 2132 1572 2160 et
1598 2137 1670 2171 pro

371 2175 528 2228 vulgato
553 2175 713 2218 ejusdem
742 2186 762 2208 e
790 2175 898 2209 MSS.
930 2174 1083 2219 reposui
1115 2176 1206 2226 equ.
1245 2173 1339 2207 Edd.
1371 2173 1487 2208 etiam
1503 2173 1672 2207 Venetae
1739 2180 1748 2187 ⁶

371 2226 553 2255 onuttunt
582 2219 786 2266 singularis
811 2227 850 2254 et
874 2232 943 2265 pro
971 2222 1051 2263 ejus
1082 2220 1260 2255 exhibent
1278 2220 1397 2261 hujus.
1453 2218 1494 2254 V
1490 2219 1558 2265 irg.
1581 2219 1625 2264 in⁸
1639 2223 1672 2253 I.

371 2269 467 2303 Aen.
502 2278 555 2301 vs.
588 2276 665 2312 257.
738 2267 841 2302 Idem
876 2268 917 2300 in
957 2266 1030 2301 IV.
1066 2271 1193 2312 Georg.
1230 2277 1280 2300 vs».
1313 2270 1388 2309 158,
1459 2269 1509 2300 In
1534 2264 1672 2299 eodem.

325 2324 437 2405 5.Ὶὲ389.
452 2318 538 2393 ²33181'0
555 2334 709 2392 serietas
731 2369 752 2390 ο
769 2364 934 2392 senatus.
982 2358 1041 2391 Ita
1059 2357 1168 2391 MSS.
1189 2355 1300 2390 Luth.
1318 2354 1456 2390 Dresd.
1476 2354 1562 2388 Er1.-
1581 2366 1610 2388 1.
1634 2366 1665 2388 2.

295 2444 305 2449 x
371 2405 474 2450 Lips.
497 2417 529 2438 2.
579 2403 701 2448 Vulgo
720 2415 741 2436 o
767 2409 919 2437 senalus
937 2410 1022 2447 post
1040 2403 1131 2436 haec
1159 2414 1288 2435 manus
1306 2402 1471 2446 ponitur.
1521 2400 1671 2436 Produ-

370 2451 424 2485 cit
437 2451 534 2484 enim
551 2460 587 2483 ιι.
612 2449 719 2483 Hanc
737 2448 943 2483 lectionem
963 2454 1155 2493 praestant
1173 2448 1281 2481 MSS.
1305 2447 1436 2482 Zwicc.
1461 2459 1489 2481 1.
1512 2458 1544 2481 2.
1564 2445 1668 2490 Lips.

375 2509 405 2531 1.
434 2507 467 2530 2.
487 2494 600 2529 Luth.
621 2494 757 2529 Dresd.
807 2495 942 2538 Vulgo,
961 2495 1191 2541 producitur.
1238 2495 1320 2527 Hos
1340 2499 1377 2528 et
1395 2505 1415 2526 o
1431 2494 1533 2529 Idus.
1565 2492 1670 2526 Haec
1705 2509 1707 2511 ·
1739 2483 1742 2484 ⁷

370 2541 500 2579 addidi
526 2553 548 2576 e
577 2541 684 2585 MSS.
713 2539 851 2575 Dresd.
882 2541 962 2575 Erl.
995 2553 1027 2575 2.
1075 2541 1165 2574 Post
1196 2540 1346 2573 nomina
1373 2538 1514 2573 addunt
1541 2537 1668 2584 plures

340 2623 349 2630 „
372 2590 481 2631 MSS.
507 2589 657 2623 dierum.

326 2636 362 2683 5.
381 2648 437 2682 90.
465 2634 647 2680 Quomodo
668 2639 706 2666 et
722 2633 981 2668 nominativus.
1030 2631 1162 2666 Plures
1181 2642 1355 2666 meorum
1379 2629 1496 2665 Codd.
1515 2629 1612 2663 sicut
1627 2629 1667 2662 in

373 2681 611 2716 nominativo.
650 2679 829 2724 Plerique
846 2685 931 2724 post
949 2690 1070 2712 omnes
1091 2677 1273 2711 omittunt
1293 2689 1414 2712 casus.
1462 2674 1579 2711 Nolui
1592 2674 1665 2708 sol-

373 2722 522 2761 licitare
550 2725 685 2760 vocem
713 2727 914 2759 insontem.
964 2730 1114 2770 excepto
1135 2735 1204 2768 pro
1232 2723 1393 2768 exceptis
1417 2721 1532 2757 scribi
1546 2722 1666 2764 jusse-

374 2779 465 2808 runt
491 2782 623 2807 onmes
650 2770 735 2806 fere
751 2771 838 2806 ·mei
858 2769 1029 2806 Codices.
1078 2770 1171 2804 Mox
1198 2775 1296 2804 ante.
1315 2766 1483 2810 ablativo
1500 2766 1666 2813 posunt
