1748 3112
279 229 361 276 168
696 233 820 276 LIB.
852 235 902 277 V.
961 234 1099 279 CAP.
1131 235 1165 277 1.
1195 235 1257 279 11.

279 347 467 413 maltum
495 347 608 388 haee
630 348 841 396 arbutus,
873 350 960 392 hoe
980 350 1212 398 arbutum;
1242 350 1352 391 haec
1369 346 1565 398 mittun.
1596 350 1683 393 hoc
1737 377 1740 386 -

281 402 493 452 mirtum3
534 405 644 446 haec
675 419 871 460 prunus,
914 408 1001 448 hoc
1032 420 1244 470 prunum.
1303 409 1361 448 Et
1387 407 1476 450 hoc
1507 404 1555 448 in
1589 408 1682 464 ple-

239 495 242 498 4
282 459 437 517 risque
463 458 668 502 invenies
698 463 906 503 arborum
935 461 1226 510 nominibus,
1268 462 1318 505 in
1351 462 1522 520 quibus
1555 461 1680 520 ipsae

285 520 463 560 arbores
495 516 745 560 foeminino
774 533 955 574 genere,
991 520 1161 562 fructus
1194 530 1355 562 neutro
1376 519 1680 586 proferuntur.

285 576 357 615 vel
401 572 547 629 ligna,
592 584 643 615 ut
675 576 783 616 haec
810 577 953 617 buxus
983 578 1134 625 arbor,
1175 577 1260 619 hoc
1286 578 1457 619 buxum
1486 574 1680 635 lignum.

284 630 526 688 Virgilius:
556 634 683 674 Dant
711 633 867 672 arbuta
899 635 1061 681 silvae,
1093 644 1350 688 cruentaque
1375 637 1529 683 mirta,
1567 648 1684 675 cerea

282 703 455 743 pruna,
494 689 675 729 volubile
695 689 866 730 buxum.
923 693 992 732 De
1025 664 1212 746 singulis
1244 689 1383 756 igitur
1405 688 1683 732 terminatio-

286 744 423 786 nibus
463 746 692 808 quomodo
737 744 912 810 possint
936 746 1272 812 comprehendi
1311 761 1496 812 genera,
1548 756 1685 813 prout

249 811 272 844 4
296 802 484 849 valeam,
518 799 626 843 hinc
650 812 834 844 tractare
852 801 1087 866 incipiam.
1149 802 1397 846 Masculini
1407 817 1582 860 genens
1602 812 1685 844 ter·

295 856 489 900 minales
511 855 809 901 inveniuntur
831 858 984 900 literae
1002 871 1189 916 septem
1220 877 1264 908 a,
1296 874 1339 913 o,
1366 861 1396 912 l,
1397 875 1469 916 ιι,
1503 876 1540 909 r,
1570 873 1607 909 s,
1638 874 1683 906 x,

292 925 348 957 ut
365 913 539 962 scriba,
579 914 761 964 Cicero,
804 917 894 962 sol,
938 917 1126 965 flamen,
1170 919 1351 965 caesar.
1392 918 1562 966 bonus,
1593 930 1684 957 rex.

301 969 569 1024 Foerninini
590 986 767 1038 quoque
790 974 984 1020 eaedem,
1008 985 1060 1014 ut
1081 977 1239 1022 Roma,
1272 973 1415 1031 virgo,
1446 970 1684 1030 Tanaquil.

294 1026 453 1077 Siren,
496 1038 661 1077 mater,
702 1027 885 1077 civitas,
919 1043 1016 1085 pax.
1075 1034 1125 1072 In
1156 1045 1179 1071 e
1215 1043 1395 1086 quoque
1422 1031 1686 1087 productam

294 1082 597 1126 inveniuntur
627 1084 895 1134 foeminina,
932 1087 1011 1127 sed
1042 1101 1196 1142 graeca
1215 1088 1452 1134 duntaxat,
1495 1096 1548 1127 ut
1571 1088 1686 1137 Tay·

291 1151 418 1198 gete,
460 1143 683 1206 Euterpe:
728 1153 771 1183 et
802 1141 850 1182 in
882 1157 976 1189 um,
1007 1145 1084 1183 sed
1108 1143 1320 1199 figurate,
1353 1152 1403 1182 ut
1431 1141 1687 1196 Glycerium

291 1211 406 1245 mea,
439 1207 484 1239 et
505 1196 743 1247 Dorcium,
775 1208 820 1240 et
841 1197 1112 1243 Philocium
1145 1197 1415 1242 Communia
1438 1198 1486 1239 in
1509 1199 1686 1240 easdem

291 1252 444 1296 literas
467 1251 701 1305 desinunt,
743 1254 789 1296 in
809 1269 925 1318 quas
941 1265 984 1297 et
1003 1255 1271 1304 masculina,
1314 1265 1364 1296 ut
1393 1253 1471 1296 hic
1503 1265 1550 1296 et
1578 1256 1689 1296 haec

294 1311 495 1360 advena,
527 1312 688 1358 homo.
721 1311 857 1368 vigil,
890 1310 1084 1360 tibicen,
1105 1310 1306 1360 lfidicen,
1345 1321 1395 1353 ut
1417 1311 1688 1377 quibusdam

290 1367 460 1430 placet:
520 1382 626 1409 nam
656 1380 763 1408 usus
799 1382 955 1409 eorum
979 1366 1257 1409 foeminina·
1244 1383 1292 1408 ιιι
1316 1383 1338 1409 3
1363 1367 1594 1415 terminat,
1627 1366 1689 1408 ti-

227 1425 270 1463 Π
297 1420 460 1475 bicina,
494 1421 705 1466 fidicina·
736 1422 811 1465 hic
833 1434 876 1466 et
899 1427 1008 1465 haec
1031 1439 1212 1481 pauper,
1237 1423 1368 1474 civis,
1401 1425 1504 1467 dux.
1559 1426 1687 1467 Neu-

246 1482 270 1521 ⁵
295 1489 468 1520 trorum
512 1479 751 1522 duodecim
791 1479 1090 1523 inveniuntur
1133 1480 1386 1523 terminales
1427 1479 1608 1534 literae,
1647 1494 1686 1529 3,

297 1550 323 1578 e
346 1546 575 1593 correpta,
614 1536 660 1584 i,
700 1538 824 1586 u,l‚
857 1553 923 1586 m,
957 1553 1011 1587 n,
1043 1553 1087 1586 r,
1120 1553 1162 1585 s
1191 1551 1241 1589 c,
1270 1549 1310 1586 t,
1345 1538 1397 1586 d,
1438 1548 1489 1579 ut
1511 1514 1687 1595 poe’ffim

295 1605 442 1641 mare,
516 1593 682 1642 ummi,
713 1607 874 1642 cornu,
917 1596 1035 1647 mel,
1066 1609 1276 1659 regnum,
1310 1609 1501 1641 numen,
1544 1595 1686 1642 tuber,

300 1647 449 1697 sidus,
505 1650 579 1698 ac,
620 1660 777 1706 caput,
808 1649 946 1698 aliud.
1006 1649 1276 1694 Communia
1308 1650 1446 1692 trium
1474 1665 1689 1707 generum

300 1703 541 1747 desinunt
527 1705 617 1756 mi,
635 1721 695 1755 m,
711 1721 744 1756 r,
765 1721 799 1755 s,
821 1722 874 1756 x,
905 1718 953 1749 ut
973 1707 1048 1750 hic
1067 1718 1112 1749 et
1135 1709 1243 1748 haec
1264 1718 1308 1748 et
1329 1709 1415 1749 hoc
1428 1707 1571 1774 frugi,
1602 1722 1688 1749 ne-

297 1775 458 1819 quam,
489 1777 591 1819 par,
623 1764 843 1819 prudens,
875 1765 1119 1806 andax.1n
1140 1778 1164 1804 3
1186 1763 1324 1819 igitur
1346 1762 1592 1805 desinentia
1614 1764 1687 1805 vel

295 1819 547 1860 masculina
576 1829 685 1860 sunt
707 1821 778 1860 vel
806 1819 1050 1870 foeminina
1081 1821 1153 1860 vel
1189 1818 1445 1861 communia
1479 1820 1549 1862 vel
1569 1834 1688 1861 neu-

231 1900 233 1903 .
295 1884 376 1916 tra.
409 1873 660 1918 Masculina
684 1886 814 1924 sunt,
857 1891 968 1933 quae
995 1890 1101 1918 cum
1130 1875 1222 1917 sint
1251 1874 1431 1932 propria
1455 1876 1570 1928 apud
1594 1880 1686 1918 La-

295 1929 417 1972 tinos
447 1946 472 1973 3
494 1930 805 1981 terminantia,
849 1934 966 1989 apud
987 1934 1179 1976 Graecos
1203 1942 1435 1974 assumunt
1453 1947 1494 1982 s,
1528 1944 1580 1974 ut
1602 1934 1690 1975 Ca,

295 1984 451 2042 cilina,
481 1987 619 2036 silla.
654 1987 879 2037 Fimbria.
910 1987 1083 2045 Aquila,
1118 1991 1348 2042 Κατιλινας,
1379 1988 1554 2043 Σύλλας,
1589 1993 1692 2046 Φιμ-

297 2047 439 2101 βρίας,
476 2044 689 2097 'Annii-ag.-
722 2047 797 2087 vel
819 2056 971 2088 contra
992 2046 1113 2103 apud
1134 2047 1326 2089 Graecos
1350 2044 1399 2090 in
1421 2059 1467 2088 as
1488 2044 1690 2089 desinen-

350 2208 453 2253 Virg.
486 2209 583 2245 dant
611 2208 746 2244 arbum
776 2209 907 2243 silvae.
959 2210 1101 2254 Georg.
1128 2210 1180 2244 11.
1211 2219 1290 2254 520.
1319 2214 1470 2244 eruenta
1495 2221 1539 2244 ue
1569 2210 1692 2244 mitta.

392 2254 539 2301 Georg
570 2257 599 2291 I.
630 2255 711 2300 506.
742 2268 847 2289 cerea
878 2266 1015 2300 pruna.
1062 2255 1143 2289 Ecl.
1175 2256 1225 2289 11.
1254 2264 1311 2298 55.
1350 2254 1510 2289 νοὶιιόἱε
1547 2253 1691 2288 buxum.

339 2301 639 2392 prssssnwvlssmff
641 2303 745 2381 82Ita
776 2346 893 2381 Codd.
923 2345 1062 2380 Dresd.
1080 2345 1190 2380 Luth.
1213 2344 1315 2391 Lips.
1340 2357 1369 2379 ι.
1392 2357 1423 2380 3.
1445 2356 1478 2390 5.
1501 2345 1579 2379 Erl.
1605 2357 1634 2380 1.
1659 2357 1690 2381 2.

390 2392 528 2482 1Ζὶέινιιὶθοῒο.
553 2405 584 2426 ι.
606 2406 640 2429 3.
689 2393 813 2438 Vulgo
827 2398 943 2439 prout
963 2394 1118 2437 potero,
1143 2391 1245 2438 quod
1263 2391 1463 2436 glossatori
1482 2391 1614 2426 deberi
1630 2403 1693 2438 ap·

318 2524 325 2529 ,
344 2494 383 2541 s.
400 2507 434 2540 4.
461 2502 499 2529 et
527 2497 567 2530 in
596 2509 674 2538 um,
707 2497 775 2530 sed
797 2495 970 2542 figurate.
1019 2494 1143 2541 Vulgo
1172 2501 1210 2529 et
1237 2496 1277 2529 in
1307 2507 1365 2529 um
1389 2495 1568 2543 figurate,
1613 2496 1692 2530 Nos

392 2542 504 2577 MSS.
543 2542 657 2578 Luth.
689 2542 837 2589 Lips.2
842 2552 916 2586 ,5.
955 2540 1074 2576 Codd.
1111 2541 1192 2575 Erl.
1223 2553 1255 2576 2.
1287 2541 1419 2576 Zwicc.
1454 2554 1484 2576 1.
1513 2553 1545 2577 3.
1571 2541 1693 2575 secuti

392 2598 534 2626 sumus.

345 2644 382 2690 §-
401 2655 436 2690 5.
463 2657 499 2690 a,
523 2658 544 2680 e
562 2652 744 2698 correpta,
768 2646 794 2679 ι’.
817 2645 955 2691 Vulgo,
979 2656 1016 2686 a,
1042 2658 1073 2689 e,
1099 2646 1124 2679 i.
1166 2645 1344 2680 Nostram
1357 2644 1567 2680 lectionem
1584 2655 1694 2690 prae-

393 2696 500 2726 stant
520 2692 628 2726 MSS.
651 2691 784 2726 Zwicc.
811 2703 839 2726 ι.
862 2704 894 2727 3.
914 2691 1051 2726 Dresd.
1074 2690 1174 2736 Lips.
1197 2704 1228 2726 2.

344 2737 437 2781 §.6
454 2737 654 2783 fluminum
672 2738 822 2774 nomina
841 2737 1049 2773 masculina
1065 2743 1165 2772 sunt.
1214 2737 1349 2782 Vulgo,
1373 2737 1464 2772 sint.
1497 2735 1597 2783 quod
1615 2747 1694 2770 nou
