1748 3112
316 214 396 260 186
760 215 888 260 LIB.
902 219 965 260 ·v.
1035 217 1257 261 CAPU‘V

310 325 421 383 ¹lymi
427 332 584 395 ‘Gorge
604 329 816 396 loquitur,
874 330 960 374 Hic
975 341 1022 373 et
1037 333 1148 373 haec
1165 330 1350 375 Samnis.
1379 331 1564 384 Aedilis,
1581 332 1701 398 qnia

310 385 546 454 dignitatis
589 398 653 429 est
689 388 747 428 nd
774 386 891 430 vitos
919 387 1210 444 pertinentis,
1258 388 1492 432 masculini
1517 388 1700 458 generi·

307 454 391 487 est.
450 443 527 486 sin
557 454 647 486 tam
676 445 731 486 ad
756 443 985 495 homines,
1027 460 1159 511 quam
1190 446 1244 486 ad
1271 443 1375 488 alias
1396 457 1475 488 ret
1485 444 1580 512 diei
1594 460 1701 504 pos-

312 511 438 549 sunt,
480 499 530 542 in
555 516 579 542 e
610 499 782 543 faciunt
815 513 1050 551 neutrum,
1083 501 1158 544 hic
1179 514 1223 544 et
1241 504 1357 544 haec
1377 501 1530 545 mavia
1550 515 1596 546 et
1610 504 1702 545 hoe

311 571 469 612 suave,
509 556 583 598 hic
611 568 656 599 et
682 559 789 600 haee
808 558 950 600 dulcis
973 570 1018 600 et
1045 561 1133 601 hoc
1151 560 1303 607 dulce,
1346 557 1431 602 hic
1443 560 1614 608 ethaeo
1629 573 1700 601 re·

312 613 420 679 galis
439 624 482 655 et
507 616 594 656 hoc
614 616 780 680 regale,
822 614 895 656 hic
914 626 959 656 et
978 618 1088 657 haec
1111 615 1310 657 amabilis
1329 627 1373 657 et
1391 618 1484 659 hoe
1497 615 1700 665 amabile.

238 678 288 712 =.·.8
311 669 404 715 Alia
424 684 530 711 vero
563 670 611 713 in
632 670 668 712 is
690 650 937 713 desinentia
963 688 992 713 n
1014 673 1085 714 vel
1116 673 1220 713 duas
1242 684 1534 716 consonantes
1563 673 1610 714 in
1633 686 1701 714 ea-

314 729 416 768 dem
438 728 624 780 syllaba,
664 728 735 769 vel
756 728 977 783 duplicem
1000 740 1315 770 consonantem
1350 740 1451 772 ante
1470 729 1508 771 is
1531 731 1704 771 haben.-

311 782 373 826 tia
386 813 397 832 ‚
431 793 475 825 et
494 798 605 840 quae
623 784 917 849 penultimam
940 787 1149 839 syllabam
1168 800 1256 826 una
1277 801 1328 828 ex
1349 785 1531 851 liquidis
1553 784 1703 852 tenni·

309 851 444 894 nant,
486 840 729 883 masculina
762 851 886 889 sunt,
914 853 979 883 ut
1007 842 1150 894 panis,
1188 842 1328 891 funis,
1370 842 1537 892 amnis,
1556 841 1703 898 ignis,

309 897 468 962 piscis,
501 897 655 951 fascis,
685 897 842 945 fustis.
873 898 1030 963 postis,
1059 898 1228 947 vectis,
1261 899 1378 947 axis,
1409 899 1611 947 mensis,
1630 912 1704 940 en·

310 952 398 1001 sis,
440 953 620 1010 anguis,
660 954 845 1010 unguis,
886 954 1033 1004 collis,
1064 955 1206 1004 follis,
1239 955 1407 1005 corbis,
1439 955 1582 1003 orbis,
1614 965 1703 997 tor·

310 1010 424 1066 quis.
484 1009 716 1077 Excipitur
742 1013 852 1052 haec
868 1010 1102 1076 bipennis,
1143 1015 1263 1076 quod
1284 1012 1383 1054 ideo
1404 1011 1703 1062 foemininum

308 1077 400 1116 est,
432 1068 551 1123 quod
572 1069 697 1122 quasi
717 1066 989 1109 adiectivum
1009 1079 1076 1110 est
1101 1068 1292 1117 securis,
1323 1069 1394 1110 vel
1415 1067 1537 1125 quod
1556 1082 1580 1108 a
1590 1082 1703 1135 pen-

305 1137 389 1170 na,
432 1125 551 1188 quod
578 1123 727 1188 ipsum
752 1137 929 1179 quoque
957 1124 1258 1166 foemininum
1278 1135 1372 1173 est,
1401 1135 1703 1191 cofnponitnr.

307 1154 393 1222 Sed
412 1179 555 1246 magis
573 1179 844 1243 adiectivum
876 1183 962 1223 hoc
990 1195 1084 1222 esse
1115 1182 1311 1222 ostendit
1346 1180 1552 1238 Virgilius
1581 1181 1700 1222 ferro

306 1235 492 1292 bipenni
510 1267 522 1285 ‚
572 1250 741 1302 ponens
772 1235 820 1277 in
848 1240 918 1279 XI.
949 1241 1078 1278 Ferro
1109 1248 1235 1278 sonat
1268 1241 1363 1278 alta
1392 1240 1560 1292 bipenni
1589 1239 1701 1292 sra-

239 1311 283 1345 29
307 1297 447 1336 xinae.
487 1291 724 1357 Excipitur
744 1292 879 1335 etiam
901 1293 1022 1335 canis
1044 1307 1305 1346 commune,
1337 1295 1457 1350 quod
1481 1305 1524 1336 et
1544 1304 1701 1336 natura

305 1349 370 1390 sic
394 1364 487 1392 esse
509 1349 716 1394 ostendit.
776 1349 901 1392 Finis
932 1364 1112 1414 quoque
1145 1362 1189 1392 et
1209 1349 1353 1392 clunis
1388 1362 1483 1392 tam
1517 1365 1699 1392 mascu-

305 1405 390 1447 lini
411 1421 542 1461 quam
563 1405 805 1448 foeminini
820 1406 992 1462 generis
1022 1406 1254 1471 usurpavit
1284 1407 1519 1449 auctoritas
1540 1406 1587 1448 in
1608 1421 1698 1449 una

305 1463 548 1519 eademque
598 1460 934 1517 significatione.
1005 1463 1228 1506 luvenalis
1267 1462 1314 1518 in
1351 1467 1398 1505 V.
1429 1464 1506 1506 Aci
1543 1474 1699 1504 terram

307 1522 481 1559 tremulo
511 1521 764 1559 descendunt
792 1523 912 1559 clane
937 1523 1116 1574 puellae.
1157 1523 1308 1561 Horat.
1344 1519 1391 1560 in
1420 1521 1564 1577 primo
1592 1523 1696 1562 Ser-

303 1583 517 1617 monum:
564 1577 688 1627 Quod
706 1577 915 1628 pulchrae
942 1579 1108 1628 clunes,
1147 1577 1263 1616 breve
1295 1578 1412 1632 quod
1425 1586 1580 1641 caput,
1621 1585 1695 1618 a'r-

305 1632 392 1672 dua
415 1636 572 1674 cervix.
631 1633 774 1674 Multa
794 1643 943 1673 tamen
962 1644 1005 1674 et
1025 1633 1074 1674 in
1092 1636 1195 1680 hac,
1228 1643 1272 1674 et
1292 1633 1342 1673 in
1362 1631 1459 1675 aliis
1480 1632 1694 1675 termina..

303 1687 502 1731 tionibus
546 1688 802 1730 confudisse
839 1703 1001 1744 genera
1053 1687 1348 1753 inveniuntur
1386 1688 1692 1739 vetustissimi,

303 1759 415 1800 quos
455 1760 547 1788 non
583 1744 835 1811 sequimur,
887 1757 940 1787 ut
975 1748 1083 1788 haec
1115 1745 1284 1796 amnis,
1305 1779 1307 1781 .
1331 1745 1475 1794 funis,
1514 1747 1694 1812 anguis.

303 1802 563 1866 Composita
594 1801 689 1843 sive
717 1816 768 1843 ex
801 1802 1088 1852 masculinis,
1133 1801 1230 1844 sive
1253 1817 1304 1843 ex
1338 1801 1622 1852 foemininis‚
1654 1803 1692 1844 si

302 1858 523 1900 adiectiva
543 1858 735 1906 fuerint,
767 1857 1025 1900 communia
1047 1869 1174 1907 sunt,
1212 1869 1265 1900 ut
1285 1857 1357 1900 hic
1376 1856 1579 1925 sanguis,
1598 1898 1603 1905 ,
1620 1858 1695 1900 hic

301 1926 347 1956 et
365 1917 476 1957 haec
483 1914 723 1982 exanguis,
757 1925 800 1955 et
820 1916 909 1959 hoc
934 1929 1155 1979 exangue,
1193 1914 1394 1962 animus,
1427 1916 1506 1956 hic
1525 1925 1568 1957 et
1583 1916 1693 1957 haec

301 1971 543 2022 exanimis,
582 1983 629 2015 et
653 1973 741 2014 hoc
763 1969 984 2020 exanime;
1024 1970 1198 2031 cuspis,
1239 1970 1315 2014 hic
1344 1983 1389 2015 et
1412 1966 1522 2015 baec
1541 1969 1690 2015 tricu-

346 2160 381 2202 §-
404 2165 459 2198 28-
491 2162 592 2208 Virg.
610 2162 651 2195 in
670 2163 743 2196 XI.
792 2161 861 2195 Est
887 2171 1017 2194 versus
1039 2170 1116 2205 135.

345 2206 381 2250 §
402 2215 460 2250 29
485 2209 616 2241 quen.
639 2208 678 2240 in
703 2209 746 2242 V.
785 2208 854 2241 Est
871 2217 1001 2240 versus
1025 2207 1098 2252 167.
1144 2206 1325 2240 Horatius
1342 2206 1382 2238 in
1403 2204 1525 2251 primo
1543 2206 1689 2240 Somo-

393 2264 490 2285 num.
530 2253 598 2286 Est
627 2253 703 2286 Sat.
727 2265 758 2286 2.
790 2265 843 2286 vs.
865 2257 919 2297 89.
971 2253 1062 2285 Post
1091 2253 1214 2286 cervix
1245 2250 1285 2283 in
1313 2250 1407 2285 Edd.
1437 2251 1522 2284 Bas.
1553 2249 1686 2285 Colon.

392 2297 545 2332 Putsch.
571 2297 741 2331 additur.
779 2300 820 2331 in
846 2308 924 2331 una
942 2298 1135 2349 eademque
1157 2296 1445 2375 ezgndficatmne
1493 2295 1575 2340 Ego
1595 2295 1691 2330 haee

391 2344 519 2386 verba,
552 2355 648 2395 quae
665 2355 778 2377 nemo
798 2342 909 2378 facile
928 2341 1133 2385 desideret,
1161 2341 1242 2376 eod
1300 2341 1394 2375 MSS
1430 2341 1565 2376 Zwiee.
1586 2341 1685 2388 Lips.

416 2389 671 2424 .auctoritate
691 2389 825 2423 delevi.

345 2446 381 2491 S.
400 2458 457 2491 30.
485 2447 682 2480 Invenitur
711 2451 833 2479 tamen
850 2447 919 2480 lzoc
938 2447 1051 2479 etiam
1070 2451 1209 2478 neutro.
1260 2444 1305 2476 In
1325 2442 1420 2477 Edd.
1441 2443 1613 2479 additum
1629 2456 1690 2479 re—

391 2492 533 2546 perieS,
558 2493 698 2538 generi,
723 2491 825 2536 quod
841 2492 1049 2526 MSSorum
1068 2491 1200 2524 Zwiec.
1222 2489 1333 2524 Luth.
1355 2489 1493 2525 Dresd.
1514 2490 1640 2526 EtLi.
1654 2503 1686 2525 2.

392 2538 496 2583 Lips.
519 2550 549 2572 1.
573 2550 605 2572 2.
624 2538 851 2571 auctoritate
870 2538 990 2572 omisi.

312 2585 503 2620 Ovidius
531 2584 572 2618 in
594 2584 713 2628 primo
736 2586 890 2618 Metam.
939 2585 1005 2617 Est
1029 2594 1159 2616 versus
1177 2594 1256 2627 530.
1277 2593 1333 2626 31·
1375 2593 1502 2628 aquas.
1537 2581 1690 2615 Addunt

391 2623 487 2666 Edd,
517 2635 634 2663 rector
654 2629 797 2674 pelagi.
847 2629 1006 2663 Codices
1035 2630 1220 2673 ignorant.
1269 2628 1362 2662 Mox
1387 2638 1458 2672 pro
1486 2627 1650 2673 laabeqmt
1668 2638 1691 2661 e

393 2675 511 2711 codd.
534 2676 667 2708 Zwicc.
693 2687 721 2708 1.
747 2687 777 2709 2.
799 2675 911 2709 Luth.
933 2675 1070 2710 Dresd.
1091 2674 1193 2730 Lips.
1210 2686 1238 2708 1.
1250 2682 1284 2707 2.
1305 2673 1384 2707 Erl.
1398 2685 1430 2708 2.
1449 2667 1603 2707 restitui
1619 2673 1691 2706 ha-

393 2722 497 2757 bent.
547 2723 632 2756 Cum
651 2721 753 2756 enim
772 2720 845 2754 hoe
864 2722 950 2755 loeo
971 2720 1048 2754 vim
1067 2719 1136 2756 τοῦ
1161 2730 1378 2768 quamquam
1393 2718 1521 2757 habet,
