1748 3112
276 220 362 268 408
646 213 768 263 Lm
799 221 1301 265 V111.CAP.1.X111

280 334 456 394 quando
494 334 775 376 ostendentes
816 332 1011 399 potuisse
1050 334 1170 386 fieri,
1215 334 1304 378 nisi
1331 333 1445 404 qnid
1476 335 1674 404 impedi-

278 408 352 436 me
356 403 432 433 nto
455 389 624 438 fuisset,
657 402 720 437 ut,
746 391 949 439 facerem,
971 388 1010 433 si
1031 391 1284 448 placuisset,
1315 394 1525 459 timerem,
1549 393 1584 436 si
1610 391 1677 437 li-

280 449 457 491 cuisset.
518 452 710 491 Possunt
757 446 950 488 fortassis
989 459 1162 514 praeter
1212 463 1307 498 eas,
1361 449 1676 516 perspicaciter

280 503 645 572 inquirentibus,
694 514 738 544 et
768 502 877 545 aliae
908 503 1127 570 praedicti
1165 505 1287 547 modi
1321 466 1676 572 signifipcationeo

214 561 298 609 69'
284 576 498 605 inveniri.
554 558 812 602 infinitivus
838 571 918 613 est,
938 559 1015 627 qui
1039 571 1084 602 et
1098 562 1296 626 personis
1311 573 1355 605 et
1374 562 1573 606 numerio
1593 564 1676 604 de-

214 1309 259 1344 70

279 617 396 671 ficit,
428 619 546 659 unde
576 627 626 675 et
655 631 822 658 nomen
851 616 1022 674 accepit
1053 616 1243 667 infiniti,
1277 620 1398 675 quod
1418 634 1500 661 nec
1521 629 1678 676 perso-

279 689 357 716 nas
380 688 463 715 nec
486 687 695 715 numeros
717 673 897 721 definit,
940 685 983 715 et
1003 686 1099 740 eget
1123 690 1214 716 uno
1236 691 1288 717 ex
1312 686 1503 732 quatuor
1518 690 1677 733 supra-

280 730 411 773 dictis
435 729 606 784 modis,
636 741 685 772 ut
712 728 934 787 significet
962 729 1131 796 aliquid
1149 733 1420 788 perfectum,
1453 743 1525 780 ut,
1551 733 1677 790 lege-

280 802 327 829 re
347 801 560 843 propero,
593 762 744 844 ’legere
765 800 972 843 propera,
1000 785 1174 829 utinam
1207 790 1350 846 legere
1379 803 1675 846 properarem,

280 858 384 886 cum
406 844 551 900 legere
571 858 819 909 properem.
878 845 1167 898 Impersonale
1195 856 1344 888 autem
1366 848 1551 888 verbum
1570 859 1677 888 suae

281 901 514 951 cujusdam
535 912 601 941 est
620 898 987 964 significationis:
1023 911 1067 942 et
1088 902 1200 943 solet
1218 903 1289 943 vel
1306 917 1328 944 a
1352 902 1536 954 neutris,
1566 900 1681 944 acti-

281 972 384 998 vam
413 957 483 997 vel
511 956 762 998 absolutam
795 955 886 997 vim
914 955 1200 1006 habentibus,
1240 972 1337 1000 non
1368 970 1518 1001 tamen
1526 957 1680 1024 passi-

281 1027 399 1061 vam,
443 1014 707 1070 plerumque
739 1011 887 1061 nasci,
931 1024 981 1054 ut
1023 1024 1192 1062 statur,
1232 1015 1449 1065 curritur,
1488 1013 1678 1062 vivitur.

281 1070 556 1134 ambulatur,
595 1071 667 1110 vel
695 1072 746 1110 ab
774 1067 956 1115 activis,
991 1081 1041 1111 ut
1065 1082 1259 1119 amatur,
1290 1070 1469 1128 legitur.
1525 1071 1676 1128 Apao-

284 1125 394 1190 εινιε
416 1141 521 1167 vero
552 1127 619 1167 vel
643 1124 961 1167 communibus
986 1127 1056 1167 vel
1079 1127 1404 1183 deponentibus
1433 1141 1681 1184 nunquam,

284 1181 372 1246 nisi
404 1185 456 1223 ab
486 1196 577 1224 uno
607 1181 817 1224 misereor
848 1181 1053 1223 miseret.
1094 1185 1171 1241 sed
1198 1185 1337 1251 magis
1365 1184 1412 1226 id
1449 1198 1625 1249 quoque
1654 1197 1680 1224 a

284 1237 476 1280 misereo
521 1250 596 1283 est.
655 1237 949 1281 Vetustissimi
985 1238 1107 1282 enim
1135 1255 1216 1297 pro
1249 1241 1466 1292 misereor
1491 1241 1680 1283 misereo

285 1294 516 1343 dicebant,
550 1295 668 1336 sicut
700 1293 890 1336 diversis
916 1310 1044 1348 supra
1071 1294 1346 1341 Ostendimus
1375 1297 1541 1341 usibus.
1600 1298 1680 1339 Su-

281 1351 387 1408 pina
413 1352 484 1392 vel
512 1349 805 1408 participialia
833 1365 937 1393 cum
969 1366 1052 1394 nec
1077 1368 1287 1409 personas
1317 1355 1592 1402 discernant,
1617 1362 1680 1411 ⁴et

282 1407 560 1463 temporibus
594 1418 799 1458 careant,
840 1405 937 1450 sine
971 1407 1131 1464 quibus
1160 1413 1347 1452 verbum
1375 1425 1470 1456 esse
1491 1423 1583 1452 non
1603 1423 1679 1473 po·

283 1474 398 1511 test,
432 1475 475 1505 et
504 1478 628 1506 casus
665 1474 916 1511 assumant,
968 1475 1011 1506 et
1043 1466 1448 1532 Rraepositionibus
1465 1463 1682 1532 separatis

283 1521 605 1576 adjungantur,
656 1518 754 1561 sine
794 1519 929 1562 dubio
961 1520 1071 1562 mihi
1108 1523 1291 1564 nomina
1330 1539 1423 1566 esse
1449 1522 1678 1570 videntur,

285 1591 398 1633 quae
421 1587 568 1618 tamen
589 1577 690 1618 loco
723 1575 1009 1618 infinitorum
1032 1591 1285 1634 ponuntur,
1317 1592 1405 1622 tarn
1431 1578 1684 1622 activorum

282 1647 415 1698 quam
439 1632 730 1698 passivorum.
782 1635 874 1674 Nec
902 1649 980 1698 per
1009 1649 1055 1675 se
1078 1650 1126 1676 ea
1148 1637 1294 1678 solum
1317 1636 1472 1702 posita
1478 1649 1566 1692 pro
1580 1633 1680 1676 infi-

280 1688 391 1731 nitis
423 1688 731 1748 accipiuntur,
772 1690 851 1731 sed
877 1690 1008 1732 etiam
1041 1693 1237 1744 ejusdem
1258 1694 1428 1736 formae
1456 1689 1682 1739 indubita-

321 1854 604 1899 perspicaciter
651 1854 712 1887 Ita
739 1854 846 1887 MSS
878 1852 990 1887 Luth.
1021 1853 1153 1888 Zwicc.
1189 1865 1217 1887 1.
1251 1865 1284 1889 2.
1313 1854 1447 1890 Er1.1.
1480 1853 1677 1890 2.Dresd.

375 1900 478 1977 Iddps
501 1912 530 1936 ι.
554 1913 586 1934 2.
635 1899 757 1944 Vulgo
785 1900 1056 1945 perspicacius,
1082 1909 1177 1945 quae
1197 1899 1311 1934 lectio
1332 1912 1484 1955 prorsus
1502 1899 1682 1934 damnan-

405 1957 427 1979 a
452 1952 520 1980 est.

328 1991 362 2036 §.
386 1992 442 2037 69.
477 1993 619 2025 utinam
649 1991 766 2036 legere
798 2002 1042 2035 properarem.
1092 1991 1174 2026 MS.
1206 1991 1318 2025 Luth.
1342 2003 1544 2037 properem.
1590 1991 1684 2024 Post

377 2036 619 2089 impersonale
639 2036 766 2070 addidi
787 2047 808 2070 e
827 2037 933 2070 MSS
960 2043 1092 2070 autem.

329 2083 488 2116 miseret.
526 2079 685 2116 Additur
698 2082 811 2127 vulgo
832 2088 869 2115 et
889 2083 1090 2116 miseretur.
1125 2083 1342 2127 Perperam.
1391 2082 1521 2117 Primo
1543 2081 1680 2117 obtutu

376 2127 449 2162 hoc
466 2128 665 2173 intelligis,
693 2134 731 2162 et
751 2127 909 2161 Codices
937 2128 1106 2162 unanimi
1127 2140 1313 2162 consensu
1335 2127 1485 2163 docent.

330 2175 366 2219 ἕ.
386 2187 442 2221 7⁰·
471 2176 542 2208 Cic.
563 2175 603 2207 in
622 2178 654 2208 Ι.
676 2175 858 2208 Invectiv.
896 2174 985 2219 Cap.
1011 2187 1040 2208 1.
1091 2175 1162 2207 Hie
1194 2175 1298 2208 locus
1317 2186 1429 2220 supra
1448 2176 1523 2216 jam
1542 2181 1682 2210 tracta-

375 2226 436 2255 tus
472 2226 541 2254 est.
591 2222 674 2254 Hoc
710 2219 864 2271 quidem
906 2219 991 2253 loco
1027 2220 1202 2265 plerique
1245 2221 1362 2254 Codd.
1395 2220 1576 2255 omittunt
1604 2222 1678 2254 hic.

377 2265 566 2311 Equidem
584 2266 693 2299 salvis
723 2265 863 2309 regulis
884 2265 1035 2299 critices
1069 2266 1193 2299 omitti
1214 2278 1234 2299 a
1254 2277 1315 2299 me
1335 2277 1485 2312 quoque
1484 2265 1576 2301 hoc
1620 2278 1683 2300 ro—

377 2323 516 2345 nomen
536 2323 644 2355 posse
663 2311 888 2363 putaverim,
913 2323 999 2345 cum
1016 2323 1128 2345 nemo
1147 2311 1260 2345 facile
1284 2317 1489 2356 negaturus
1506 2311 1571 2355 sit,
1620 2311 1678 2346 eri

375 2357 558 2409 potuisse,
586 2363 627 2390 ut
651 2356 862 2390 Priscianus
881 2356 962 2401 ipse
980 2368 1114 2401 parum
1134 2369 1164 2390 si
1157 2357 1205 2389 'bi
1225 2363 1426 2392 constaret.
1475 2358 1598 2392 Malui
1623 2364 1682 2392 ta-

377 2414 465 2437 men
484 2401 664 2444 refinere,
690 2413 776 2435 cum
794 2414 815 2435 a
834 2402 916 2436 MS.
939 2402 1038 2446 Lips
1061 2415 1090 2436 1.
1098 2402 1332 2444 ,veterrimo
1355 2394 1421 2436 illo
1442 2403 1597 2446 Codice,
1617 2415 1678 2438 ex-

374 2449 560 2483 hibeatur.
599 2449 692 2482 Mox
711 2458 779 2492 pro
801 2453 1004 2482 nascantur
1025 2428 1152 2492 plui-es
1174 2448 1332 2482 Codices
1352 2448 1442 2482 dant
1461 2455 1677 2489 nascuntur.

328 2490 355 2540 ἦ
379 2493 602 2540 apul-ntia,
625 2492 766 2527 addunt
776 2492 888 2528 libri
878 2504 1064 2538 lmpress1
1085 2506 1177 2540 quae
1195 2494 1299 2527 debet
1321 2496 1457 2535 amari‚·
1483 2494 1576 2529 item
1592 2500 1678 2539 post

377 2539 634 2585 φιλητέον,
676 2540 773 2591 quod
806 2538 912 2572 debet
943 2541 1070 2573 amari.
1123 2541 1332 2585 Utrumque
1358 2541 1535 2585 ignorant
1564 2541 1675 2575 MSS.

377 2553 492 2627 Luthn
518 2584 692 2621 Heidelb.
715 2584 815 2629 Lips.
842 2596 870 2618 1.
895 2597 927 2618 2.
949 2596 982 2629 3.
1011 2586 1090 2619 Erl.
1123 2597 1151 2619 1.
1187 2597 1219 2619 2.
1250 2587 1385 2620 Dresd.
1416 2586 1548 2620 Zwicc.
1580 2599 1609 2621 1.
1642 2598 1675 2620 2.

375 2623 574 2671 Nonnulli,
588 2637 627 2664 ut
638 2630 771 2664 Zwicc.
786 2643 818 2665 2.
832 2630 931 2674 LiPS.
947 2643 993 2673 1.,
1013 2631 1054 2664 in
1073 2631 1149 2665 fine
1167 2631 1310 2665 addunt
1330 2633 1353 2666 i.
1374 2644 1404 2665 e.
1425 2633 1487 2683 qui
1506 2631 1567 2666 vel
1584 2643 1677 2678 quae

377 2677 442 2712 vel
459 2676 555 2730 quod
574 2676 678 2718 debet
699 2677 834 2710 amari.
869 2678 916 2710 At
935 2688 1025 2710 vero
1048 2689 1135 2710 cum
1153 2677 1291 2722 ieliqui
1310 2689 1395 2711 cum
1414 2676 1473 2710 his
1491 2689 1567 2713 non
1588 2688 1678 2710 con-

379 2722 569 2764 sentiant,
605 2727 644 2756 et
671 2720 828 2767 Lips.1.
859 2722 905 2756 ab
928 2721 1002 2756 alia
1030 2734 1147 2757 manu
1172 2723 1267 2759 haec
1295 2722 1552 2769 superscripta
1578 2721 1682 2759 exhir
