1748 3112
227 371 267 404 41

239 503 245 525 l

286 242 370 300 590
670 244 800 287 Llss.
832 245 973 288 VIII..
1027 243 1170 286 CAP.
1202 245 1335 287 vlu.

296 355 417 413 lege
429 370 571 421 usque
611 357 665 397 ad
701 356 852 400 finem.
914 358 1068 414 Apud
1062 358 1273 399 Graecos
1301 355 1436 399 etiam
1466 357 1694 415 praeteriti

295 412 509 478 temporis
542 424 646 454 sunt
678 412 965 471 imperativa:
1000 411 1212 478 'quamvis
1237 412 1330 483 ipsa
1351 427 1528 471 quoque
1552 416 1696 457 adofu-

295 470 384 512 turi
427 468 663 533 temporis
684 485 865 515 sensum
898 470 1154 536 pertineant
1186 480 1250 517 ut,
1290 468 1536 537 ἆνεωχθήτω
1571 472 1693 527 πυλη,

294 537 440 582 aperta
474 525 531 567 sit
552 538 713 591 porta,
754 527 934 569 videtur
960 527 1081 569 enim
1112 527 1354 582 imperare,
1395 539 1449 570 ut
1468 526 1518 570 in
1538 528 1692 571 futuro

293 594 495 639 tempore
524 594 582 623 sit
601 584 926 649 praeteritum:
965 595 1017 626 ut
1039 583 1077 625 si
1101 583 1270 631 dicam,
1306 583 1427 640 aperi
1455 599 1575 628 nunc
1594 595 1705 642 por·'

293 650 410 686 tam,
453 649 502 680 ut
541 640 734 685 crastino
767 640 826 684 sit
855 652 1015 706 aperta.
1076 644 1193 704 Ergo
1226 654 1305 682 nos
1339 652 1518 708 quoque
1543 655 1698 698 possu-

294 711 395 738 mus
420 695 467 737 in
494 696 684 764 passivis
716 699 789 740 vel
819 697 865 739 in
891 697 992 740 aliis
1015 695 1234 761 passivam
1259 698 1604 741 declinationem
1621 700 1702 740 ha·-

292 752 505 796 bentibus
543 752 615 795 uti
651 754 894 820 praeterito
926 765 1131 820 ternpore
1182 752 1465 819 imperativi,
1511 758 1697 808 conjun-

293 821 447 875 gentes
470 807 755 877 participium
766 810 1006 876 praeteriti
1012 825 1118 853 cum
1137 809 1301 851 verbo
1288 810 1561 877 imperativo
1573 826 1698 868 prae·

293 865 454 918 sentis,
491 868 562 908 vel
585 867 728 911 futuri
761 867 1002 923 temporis,
1047 877 1099 908 ut
1129 877 1299 908 amatus
1321 867 1381 909 sit
1401 869 1470 909 vel
1494 880 1606 918 esto,
1629 886 1722 924 aze-l

295 923 513 978 φιλήσθως
543 925 707 968 doctus
721 924 780 967 sit
797 927 869 966 vel
890 935 985 966 esto
1000 954 1012 972 ‚
1055 922 1309 988 δεδιδάχθω;
1344 925 1521 966 clausus
1541 923 1604 966 sit
1622 926 1697 967 vel

294 991 411 1026 esto.
443 985 678 1026 κεκλείσθω.
739 982 875 1037 Quod
898 990 1048 1022 autem
1071 978 1166 1021 vim
1187 979 1419 1036 praeteriti
1439 982 1598 1023 habeat
1618 984 1701 1023 hu-

292 1035 545 1101 juscemodi
584 1039 884 1086 constructio,
935 1038 1181 1078 ostendunt
1212 1036 1495 1089 subjunctiva
1514 1048 1700 1104 praeter-

250 1091 350 1134 .2iti
382 1092 597 1150 perfecti,
648 1111 761 1152 quae
790 1092 999 1136 similiter
1031 1093 1334 1158 proferuntur
1365 1092 1414 1135 in
1404 1093 1601 1159 'passiva
1624 1095 1698 1136 de·

226 1675 272 1711 42

294 1147 562 1197 clinatione,
604 1163 655 1193 ut
682 1163 852 1195 amatus
887 1149 973 1191 8ἰιιι
1006 1148 1065 1191 sis
1095 1148 1166 1192 sit.
1225 1153 1343 1214 Ergo
1379 1149 1416 1192 si
1438 1159 1610 1193 amotus
1638 1149 1703 1192 sit

293 1202 343 1246 in
376 1207 667 1272 subjunctivo
701 1203 931 1273 praeteriti
965 1217 1031 1248 est
1059 1206 1300 1270 temporis,
1343 1209 1458 1249 bene
1492 1206 1627 1249 etiam
1650 1205 1707 1248 in.

292 1261 562 1318 imperativo
603 1263 833 1330 praeteriti
876 1261 1092 1327 temporis
1123 1274 1271 1328 potest
1299 1263 1484 1333 accipi.
1518 1261 1700 1328 Quippe

293 1333 398 1360 cum
432 1319 567 1365 etiam
599 1321 649 1364 in
683 1319 923 1386 praesenti
930 1331 1131 1386 tempore
1159 1319 1434 1384 imperativi
1450 1319 1583 1364 tertia
1604 1335 1699 1377 pet·

292 1390 403 1417 sona
441 1375 604 1419 similis
639 1389 704 1421 est
725 1377 774 1419 in
798 1375 925 1419 omni
946 1374 1264 1431 conjugatione
1297 1375 1452 1419 tertiae
1482 1390 1701 1433 personae

291 1432 537 1488 praesentis
566 1431 882 1487 subjunctivi,
920 1443 972 1474 ut
1002 1442 1140 1481 amet,
1186 1433 1368 1497 doceat,
1408 1434 1550 1498 legat,
1581 1447 1698 1476 arne-

291 1499 389 1536 tur,
432 1490 666 1540 doceatur,
714 1491 900 1547 legatur.
959 1491 1015 1530 Et
1056 1486 1104 1529 in
1132 1487 1322 1544 passivis
1355 1489 1539 1555 quidem
1571 1500 1616 1531 et
1649 1488 1700 1529 in

291 1543 515 1588 similibus
557 1548 645 1589 hoc
685 1558 949 1610 possumus
961 1543 1123 1586 dicere.
1184 1547 1239 1588 Ιιι
1283 1545 1442 1588 activis
1483 1560 1592 1588 vero
1625 1547 1698 1588 vel

291 1601 464 1644 neutris
506 1604 631 1644 nullo
659 1605 821 1650 modo,
862 1599 951 1642 nisi
986 1600 1224 1666 participia
1247 1602 1698 1658 praeteritihabeant.

302 1654 545 1714 Optativus
574 1671 723 1701 autem
755 1656 960 1722 quamvis
989 1657 1083 1713 ipse
1112 1671 1291 1715 quoque
1325 1659 1527 1701 videatur
1557 1660 1610 1701 ad
1634 1659 1702 1701 fu·

262 1731 265 1742 ³
295 1725 450 1756 turum
473 1715 713 1780 pertinere,
743 1719 813 1768 (ea
835 1729 960 1757 enim
985 1725 1214 1769 optamus,
1254 1730 1369 1781 quae
1391 1716 1601 1758 volumus
1621 1729 1701 1756 no·

292 1768 362 1812 bis
392 1772 478 1813 vel
497 1770 547 1813 in
579 1787 808 1837 praesens,
846 1772 918 1812 vel
942 1768 991 1811 in
1028 1770 1232 1813 futurum
1255 1772 1370 1826 dari)
1403 1782 1552 1814 tamen
1570 1773 1700 1814 habet

294 1826 427 1869 etiam
455 1828 744 1893 praeteritum
774 1840 977 1882 tempu5‚
1020 1826 1123 1893 quia
1147 1828 1300 1870 evenit
1317 1844 1447 1885 saepe
1475 1830 1530 1871 de
1548 1829 1700 1871 absen-

293 1881 416 1924 tibus
456 1893 500 1925 et
521 1883 689 1941 ignotis
720 1887 849 1927 rebus
871 1882 1067 1939 precari,
1112 1895 1163 1925 ut
1187 1886 1302 1927 facta
1329 1897 1430 1926 ante
1450 1885 1579 1927 nobis
1599 1897 1698 1942 pos·

345 2010 426 2058 lege
454 2023 567 2057 usque
597 2011 650 2044 ad
673 2011 798 2063 finem.
825 2011 959 2046 Zwicc.
969 2024 1012 2047 2.
1033 2013 1073 2046 ι’νι
1092 2010 1224 2057 finem.
1271 2013 1368 2047 Ante
1398 2010 1619 2057 α’νεῳχθήτυ
1643 2010 1702 2045 in-

390 2058 493 2091 serui
515 2069 536 2092 e
562 2057 672 2091 MSS.
693 2055 789 2091 meis
810 2063 865 2092 ut.

343 2102 379 2148 5.
400 2115 457 2148 41·
483 2102 647 2140 κεκλεί
655 2103 767 2138 σθω
815 2105 875 2139 Ita
892 2116 979 2139 cum
1000 2104 1179 2138 Putschio
1208 2105 1416 2139 secundum
1438 2103 1599 2139 Codices
1622 2102 1701 2137 edi·

388 2149 428 2184 di
445 2161 515 2195 pro
534 2149 634 2194 vulg.
657 2149 764 2193 κειιλη
754 2146 860 2184 ’.σθω
887 2151 1227 2194 Subjunctiva.1ta
1249 2151 1366 2185 Codd.
1390 2151 1479 2186 mei.
1506 2151 1700 2186 Damnant

388 2196 490 2242 quod
510 2197 594 2230 Bas.
618 2162 764 2229 habet?
780 2196 991 2240 subjuncta.

343 2240 378 2285 5.
398 2253 456 2285 4..2
484 2242 527 2275 de
555 2247 645 2275 ante
673 2241 812 2285 ignotis
839 2241 950 2277 omisi
970 2242 1200 2276 auctoritate
1219 2243 1328 2277 MSS.
1351 2242 1463 2277 Luth.
1482 2242 1584 2288 Lips.
1610 2253 1640 2276 1.
1665 2253 1698 2277 2

318 2287 527 2377 utgfalilg.
543 2298 640 2365 ιιιηῗε
655 2286 971 2377 tglsfzdpossint·
956 2335 996 2366 in
1027 2335 1198 2367 notitiam
1215 2334 1354 2368 venire.
1402 2333 1558 2368 Vax-iant
1577 2332 1697 2368 Codd.

397 2384 436 2412 et
451 2377 547 2412 Edd
596 2378 670 2411 Pro
691 2374 809 2420 facta
831 2379 914 2412 MS.
938 2379 1041 2425 Lips.
1066 2392 1098 2414 2.
1120 2385 1159 2413 et
1179 2379 1275 2413 Edd.
1297 2381 1389 2414 Ven.
1413 2379 1562 2426 sactae.
1610 2381 1701 2414 Post

390 2422 503 2477 facta
522 2421 588 2458 alii
600 2422 717 2457 Codd.
737 2430 872 2466 essent,
892 2424 958 2458 alii
977 2438 1055 2459 esse
1074 2431 1232 2470 ponunt.
1258 2427 1331 2459 Pro
1348 2428 1500 2472 possint
1518 2425 1701 2461 exhibent

393 2463 567 2516 plerique
580 2470 787 2514 potuerint,
811 2480 908 2503 unus
927 2472 1106 2516 poterint.
1150 2470 1244 2505 Edd.
1267 2473 1360 2506 Ven.
1377 2479 1542 2525 possent
1593 2473 1698 2506 Unus

320 2530 325 2536 ι
389 2526 570 2550 meorum
600 2513 720 2548 Codd.
752 2515 946 2561 subiungit
969 2517 1085 2551 etiam
1111 2523 1160 2550 et.
1208 2517 1290 2552 MS.
1311 2518 1389 2551 Erl.
1415 2530 1443 2552 1.
1461 2517 1534 2552 ita:
1561 2518 1603 2552 in
1630 2529 1700 2551 no·-

395 2569 511 2595 stram
530 2561 712 2594 notitiam.
762 2561 951 2607 Equidem
968 2563 1063 2596 nihil
1084 2563 1307 2598 mutandum
1327 2575 1409 2598 esse
1430 2575 1580 2599 censeo.

347 2607 390 2642 in
403 2606 596 2653 praesenti
615 2607 782 2652 degente.
830 2609 968 2660 Vulgo,
993 2610 1034 2643 in
1054 2611 1247 2655 praesenti
1265 2617 1422 2655 tempore
1443 2610 1605 2662 degenti.
1649 2609 1698 2642 At

395 2663 488 2688 vero
500 2652 590 2697 fibo
612 2663 690 2686 non
707 2659 764 2687 est
785 2652 944 2697 dativus,
975 2654 1042 2689 sed
1059 2655 1255 2697 ablativus,
1283 2662 1321 2689 et
1339 2663 1495 2700 tempore
1512 2656 1561 2690 ab
1578 2654 1695 2688 inter—

394 2699 569 2752 polatore
596 2697 766 2734 additum
794 2706 862 2734 est.
910 2701 1119 2747 Receptam
1144 2701 1349 2735 lectionem
1375 2707 1568 2746 praestant
1585 2700 1695 2734 MSS.

396 2745 498 2792 Lips.
523 2756 554 2780 1.
576 2756 611 2780 2
630 2756 664 2789 3.
688 2744 802 2780 Luth.
821 2746 954 2782 Zwicc.
980 2759 1010 2781 1.
1032 2759 1064 2782 2.
1093 2747 1171 2782 Erl.
1197 2759 1227 2782 1.
1251 2760 1282 2782 2.
1299 2747 1436 2782 Dresd.
1454 2745 1626 2781 Heidelb.
