1748 3112
297 272 376 314 228
742 271 974 313 L1B.V1.
1037 255 1301 314 CAPslll.

294 396 433 428 matre
455 386 724 439 loqueretur,
742 380 828 426 ait:
863 383 994 436 Cujus
1015 399 1065 423 ea
1085 386 1276 424 stultitia
1299 396 1382 434 esc,
1419 397 1468 427 ut
1487 404 1587 430 -eam
1617 406 1687 431 ne..

293 459 359 483 mo
378 443 586 482 hominem
608 441 819 492 appellare
835 443 982 493 possit.
1042 444 1098 482 Et
1119 443 1324 484 Lucanus
1350 441 1399 484 in
1421 445 1475 488 V.
1500 447 1556 487 de
1576 447 1686 488 Phe-

293 513 483 541 monoe:
531 499 674 549 Atque
704 497 910 536 hominem
939 505 1023 536 toto
1052 497 1136 537 eibi
1179 499 1315 538 cedere
1338 504 1475 551 jussit
1507 512 1685 556 pectore.

292 553 511 612 Virgilius
530 552 580 593 in
599 553 632 595 I.
650 551 893 594 Aeneidos:
923 556 1013 594 Nec
1032 568 1112 595 vox
1123 555 1331 596 hominem
1350 567 1487 607 sonat,
1518 559 1574 600 de
1594 559 1683 601 foe·

291 611 419 654 mina
438 613 640 665 loquens.
699 608 1006 653 Vetustissimi
1033 621 1179 652 tamen
1203 610 1338 653 etiam
1368 614 1504 657 homo
1527 615 1681 658 homo·

291 669 363 710 nis
385 666 737 708 declinaverunt.
794 665 994 707 Ennius:
1041 669 1236 721 Vulturis
1263 673 1310 708 in.
1339 672 1462 710 silvis
1489 675 1683 712 miserum

293 724 521 766 mandebat
549 725 791 770 homonem,
830 724 909 762 heu
936 738 1064 776 quam
1093 725 1256 764 crudeli
1275 728 1479 767 condebat
1500 730 1685 769 membra

292 784 498 836 sepulcro.
554 782 668 822 Nam
700 790 744 821 et
762 780 916 820 vultur
946 790 990 820 et
1016 780 1209 821 vulturis
1249 793 1293 822 et
1317 783 1542 825 vulturius
1572 782 1681 826 dici-

293 850 382 881 tur.
443 839 585 879 Nemo
608 850 802 892 quoque,
830 835 926 877 sive
958 850 1010 876 ex
1041 839 1129 878 hoc
1152 837 1478 894 compositum,
1517 851 1566 882 ut
1583 839 1680 897 qui-

292 896 481 937 busdam
512 893 715 939 videtur,
756 906 837 933 seu
858 906 973 938 non,
1017 892 1272 935 communis
1300 906 1366 944 est
1394 895 1595 951 generis,
1638 907 1683 938 et

290 950 504 994 similiter
526 963 552 992 o
576 947 622 990 in
644 947 660 988 i
683 947 906 990 convertit
925 946 974 988 in
996 948 1213 1005 genitivo,
1245 962 1295 992 ut
1315 965 1449 993 nemo
1471 951 1680 994 neminis.

284 1006 495 1051 ‘Lucilius
533 1005 582 1047 in
612 1008 736 1047 XXX.
767 1008 962 1045 Neminis
997 1009 1164 1060 ingenio
1207 1023 1441 1062 quenquam
1477 1011 1682 1060 confidere

290 1074 459 1119 oportet.
518 1063 702 1104 Plautus
733 1060 782 1101 in
811 1060 1035 1116 Captivis:
1075 1065 1271 1103 Neminc‘s
1301 1068 1486 1104 misereri
1504 1075 1678 1114 certum,

287 1126 394 1177 quia
417 1124 497 1161 mei
516 1123 679 1159 miseret
703 1134 833 1158 nemo.
865 1116 1130 1160 Titinnius:
1171 1121 1295 1170 Quod
1311 1136 1455 1174 rogae,
1479 1126 1681 1166 neminem

290 1180 403 1218 decet
431 1178 596 1217 honam.
635 1173 872 1216 Terentius
893 1172 942 1214 in
961 1173 1149 1216 Andria:
1189 1179 1285 1216 Hoc
1315 1191 1390 1232 ego
1417 1181 1506 1217 scio
1531 1194 1678 1227 unum,

223 1241 267 1275 26
290 1238 493 1284 neminem
514 1234 724 1286 peperisse
752 1233 837 1271 hic.
897 1231 994 1273 Nec
1020 1231 1167 1272 solum
1190 1234 1243 1273 de
1273 1231 1535 1275 hominibus
1557 1233 1679 1276 dici-

288 1303 374 1333 tur.
417 1288 634 1345 Virgilius
655 1286 702 1328 iu
723 1301 870 1329 nono:
907 1291 1059 1335 Turne,
1083 1290 1198 1341 quod
1216 1294 1382 1342 optanti
1399 1292 1676 1344 Divdmpro·

283 1352 450 1388 mittere
472 1362 601 1387 nemo.
661 1346 816 1385 Turbo
835 1342 1026 1384 turbinis
1041 1373 1054 1392 ,
1087 1347 1266 1399 quando
1290 1347 1344 1386 de
1365 1345 1412 1386 vi
1435 1358 1675 1390 ventorum

283 1404 529 1460 loquimur.
590 1403 706 1443 Nam
736 1399 773 1442 si
804 1399 863 1442 sit
882 1398 1142 1455 proprium,
1171 1412 1316 1443 servat
1334 1416 1360 1443 o
1384 1400 1435 1443 in
1456 1401 1674 1458 genitivo.

282 1460 360 1501 hic
403 1460 583 1507 Turbo,
622 1471 790 1500 nomen
826 1456 1061 1513 proprium
1104 1456 1378 1512 gladiatoris,
1431 1459 1673 1503 Turbonis.

376 1633 442 1656 cus
462 1627 500 1655 et
515 1621 618 1656 alter
631 1621 714 1656 Lib.
727 1621 772 1655 Χ.
795 1621 828 1666 5.
841 1633 897 1667 33.
918 1621 1044 1664 docet,
1068 1633 1146 1655 non
1164 1632 1316 1666 prorsus
1336 1622 1571 1668 repudiatam
1588 1634 1673 1658 esse
1688 1632 1693 1636 “

375 1680 398 1702 a
416 1667 607 1702 Prisciano
623 1668 721 1702 hanc
739 1668 953 1702 formulam.
981 1667 1041 1701 Sic
1061 1674 1099 1701 et
1117 1669 1238 1713 inquit
1260 1668 1360 1701 infra
1379 1669 1412 1713 §.
1433 1675 1489 1715 78.
1512 1675 1551 1704 et
1568 1669 1669 1705 alibi.

324 1715 505 1748 Lucanus
527 1715 566 1747 in
587 1715 727 1760 quinto.
751 1725 804 1748 VS.
829 1715 903 1753 168.
926 1714 981 1759 69.
1009 1715 1134 1747 cedere
1147 1715 1266 1757 jussit
1274 1720 1435 1759 pectore.
1468 1714 1668 1750 Eddffen.

374 1761 458 1794 Bas.
480 1760 614 1794 Col'on.
635 1759 719 1793 Ald.
742 1761 866 1794 cedere
912 1765 1030 1794 ectore
1043 1760 1170 1803 jussit.
1219 1761 1300 1793 Nec
1319 1760 1518 1795 Putschius
1534 1761 1671 1796 vitium

371 1805 652 1840 animadvertit.
700 1806 782 1849 Ego
812 1771 930 1840 Cogil.
958 1805 1092 1839 Zwicc.
1119 1816 1148 1838 1.
1179 1806 1280 1851 Lips.
1315 1818 1344 1839 1.
1374 1807 1486 1841 Luth.
1516 1813 1668 1842 secutus

371 1863 465 1886 sum.
567 1853 668 1898 Virg.
688 1852 728 1884 in
748 1854 781 1885 Ι.
798 1854 892 1886 Aen.
915 1863 967 1884 νε.
990 1856 1068 1895 328.

320 1898 489 1936 Ennius:
528 1897 695 1933 Vulturis
717 1917 764 1922 —
785 1897 983 1931 homonem.
1034 1898 1137 1930 Unus
1167 1907 1341 1942 meorum
1369 1898 1486 1933 Codd.
1508 1899 1610 1945 Lips.
1633 1912 1665 1935 2.

373 1943 563 1980 Vulturus.
610 1943 770 1978 Silentio
788 1942 1078 1976 transmisissem
1100 1942 1198 1976 hanc
1226 1942 1402 1977 lectionis
1429 1944 1664 1988 varietatem,

362 1991 474 2031 cuius
495 1988 548 2023 vis
570 1999 615 2028 eo
637 1988 872 2034 infringitur,
886 1988 987 2034 quod
1004 1987 1243 2022 idemCodex
1263 2000 1350 2023 cum
1366 1990 1524 2037 reliquis
1543 1991 1664 2026 omni-

366 2036 437 2070 bus
457 2034 498 2068 in
525 2034 771 2080 seq-uentibus
796 2033 955 2069 vulturis
974 2033 1147 2077 exhibet,
1171 2033 1246 2067 nisi
1274 2034 1463 2078 viderem,
1494 2037 1585 2072 Ger.
1607 2039 1661 2072 Io.

368 2081 544 2115 Vossium
569 2080 612 2114 in
638 2082 731 2114 Arte
759 2081 827 2115 Gr.
849 2081 920 2114 ΙΙΙ.
952 2081 1041 2125 cap.
1065 2081 1120 2125 56.
1149 2092 1186 2126 p.
1210 2093 1284 2127 171.
1313 2081 1348 2115 h.
1377 2081 1472 2117 haec
1490 2090 1661 2118 notasse:

369 2126 604 2173 „Simileque
628 2126 787 2161 vulturis
805 2137 874 2170 pro
894 2126 1030 2160 vultur.
1078 2126 1243 2160 Ennius:
1273 2122 1387 2172 (apud
1407 2129 1550 2163 Charis.
1571 2129 1612 2163 in
1630 2130 1662 2165 Ι.

369 2179 409 2207 et
426 2174 542 2207 Prisc.
562 2173 602 2206 in
619 2173 700 2216 VI.)
741 2173 908 2208 Vulturis
934 2173 973 2205 in
1001 2171 1109 2206 silvis
1135 2174 1303 2206 miserum
1322 2174 1519 2209 mandebat
1537 2175 1664 2210 homo-

365 2231 462 2262 nem,
484 2216 557 2253 nis'i
574 2218 702 2263 potius
717 2218 889 2253 vulturus
904 2217 1122 2262 legendum,
1147 2218 1336 2263 quomodo
1349 2219 1464 2254 scribi
1479 2220 1520 2254 in
1537 2211 1663 2255 cliii-o-

367 2264 522 2310 graphis
535 2264 643 2298 libris
663 2270 702 2299 et
718 2264 790 2308 ipsi
808 2263 1086 2297 observavimus
1105 2269 1144 2297 et
1161 2270 1272 2297 autor
1290 2275 1442 2310 quoque
1458 2271 1517 2299 est
1538 2265 1663 2300 Ober-

365 2315 427 2344 tus
437 2309 624 2344 Giffanius
639 2309 680 2344 in
699 2309 827 2343 indice
836 2308 1106 2343 Lucretiano.“
1156 2310 1206 2342 Ut
1225 2311 1300 2352 jam
1314 2310 1537 2354 notavimus,
1561 2323 1661 2346 ano-

363 2355 454 2390 stris
474 2355 628 2402 quidem
645 2354 874 2389 membranis
897 2354 1003 2388 'nulla
1019 2354 1280 2399 suppeditatur
1299 2355 1409 2398 rat-io,
1434 2368 1502 2391 eur
1518 2356 1558 2391 in
1575 2369 1660 2392 sen-

361 2402 522 2436 tentiam
549 2402 632 2434 Viri
656 2399 904 2436 eruditissimi
938 2407 1185 2434 transeamus.
1236 2401 1339 2443 Imo,
1376 2402 1550 2437 omnibus
1575 2403 1661 2438 fere

358 2447 667 2490 adversantibus,
703 2447 884 2482 habemus
913 2446 1110 2492 profecto,
1137 2445 1238 2494 quod
1265 2447 1331 2481 isti
1357 2448 1570 2484 sententiae
1593 2450 1659 2484 ob-

358 2493 544 2528 sistamus.
589 2528 592 2530 ,

311 2539 475 2574 Plautus
498 2541 540 2574 in
559 2540 738 2585 Captivis.
786 2538 960 2584 Aen-111.
983 2539 1042 2573 Sc.
1064 2549 1098 2583 5.
1119 2551 1172 2573 vs.
1198 2551 1274 2586 ¹⁰7·

316 2587 509 2629 Terentjius
527 2586 568 2620 in
585 2585 744 2624 Andria.
790 2585 871 2619 Act.
893 2585 965 2619 ΙΙΙ.
987 2585 1045 2619 Sc.
1064 2596 1098 2619 2.
1123 2597 1175 2620 νε.
1202 2586 1256 2621 26.
1306 2587 1387 2622 MS.
1409 2585 1546 2623 Dresd.
1574 2591 1656 2625 Hoc

304 2666 305 2670 ,
356 2643 423 2678 ego
440 2633 528 2675 scio,
549 2632 726 2665 neminem
745 2643 841 2665 nunc
854 2631 1041 2676 peperisse
1061 2631 1134 2666 hic.

306 2676 344 2720 §-
369 2677 430 2712 16„
452 2676 692 2724 Virgiliuslin
711 2688 817 2711 nono.
843 2688 895 2710 vs.
918 2676 950 2710 6.

308 2722 374 2757 Sic
387 2723 630 2765 Horatiusfin
648 2724 703 2756 II.
726 2725 837 2756 Serm-
887 2722 962 2756 Sat.
984 2723 1054 2757 III.
1081 2734 1134 2756 νς.
1157 2733 1235 2768 3¹⁰·

301 2770 402 2813 quod
429 2768 603 2814 antiqui„
634 2768 694 2802 Ita
718 2767 827 2804 MSS.
859 2767 992 2803 Zwicc.
1028 2780 1057 2802 1.
1087 2768 1187 2814 Lips.
1213 2783 1244 2804 2.
1275 2771 1350 2804 Erl.
1377 2783 1407 2805 1.
1431 2783 1463 2805 2.
1512 2769 1650 2818 Vulgo,
