1748 3112
255 218 337 263 54⁶
524 283 528 290 .
646 219 768 260 Lm.
801 220 918 262 vl1.·
967 220 1108 264 CAP.
1140 221 1266 266 XVI.

186 342 231 377 80
255 329 467 386 hospitum
492 342 662 372 morum
686 333 749 372 ad
774 343 946 375 mortem
969 339 1289 389 cruciatumque
1301 340 1502 400 rapuisti.
1558 338 1647 380 No·-

251 390 440 433 tandum
469 402 591 436 vere,
615 390 738 443 quod
767 389 916 431 omnia
945 405 1119 446 semper
1152 390 1361 447 pluralia,
1393 404 1507 459 quae
1532 392 1580 435 in
1605 407 1651 435 es

252 445 488 492 desinunt,
529 444 782 510 genitivum
811 445 858 487 in
892 444 988 490 ium
1022 447 1219 497 faciunt,
1249 459 1302 490 ut
1329 451 1423 492 hae
1433 449 1551 492 vires
1572 452 1647 492 ha-

250 519 352 545 rum
383 502 578 549 virium,
628 500 675 544 hi
705 506 891 546 Penates
920 507 1078 546 horum
1106 505 1365 555 Penatium,
1395 504 1650 571 (invenitur

249 571 399 601 tamen
431 561 549 623 apud
577 571 746 600 veteres
784 563 876 611 ejus
909 559 1159 618 singulare,
1199 562 1273 604 hic
1309 561 1484 628 penatis
1504 565 1648 615 huju·

249 615 439 674 penatis,
443 622 459 668 )
481 615 527 656 hi
550 615 851 682 quinquatres
856 619 1019 660 horum
1043 619 1406 685 quinquatrium,
1435 617 1484 661 hi
1504 630 1549 662 et
1569 621 1650 660 hae

246 685 335 715 tres
354 675 514 713 horum
549 683 592 714 et
611 674 763 714 harum
796 672 949 715 trium.
1011 674 1226 717 Similiter
1257 675 1304 717 hi
1330 688 1374 718 et
1394 679 1492 718 hae
1488 676 1649 740 plures

248 740 292 771 et
313 732 422 771 haec
442 730 573 784 plura
590 731 660 770 vel
686 729 853 794 pluria,
887 734 1052 772 horum
1074 742 1117 774 et
1137 735 1297 774 harum
1319 732 1534 789 plurium.
1573 730 1649 775 Ci-

245 800 350 828 cero
385 787 439 826 ad
460 786 741 828 Herennium
770 802 819 827 ιιι
843 788 914 828 ΙΙΙ.
951 789 1234 841 Compluriam
1262 788 1649 844 negotiorum.1n

250 842 292 884 is
311 857 489 907 quoque
518 844 697 908 longam
718 843 967 885 desinentia
982 875 993 892 ,
1037 846 1092 886 lis
1115 860 1137 886 a
1160 845 1241 886 lite
1262 845 1439 894 litium,
1470 844 1649 901 Samni·

246 915 271 942 a
293 897 494 944 Samnite
525 899 819 947 Samnitium,
862 899 930 941 dis
959 916 982 942 a
1016 901 1110 943 dite
1132 901 1320 956 ditium,
1361 916 1448 944 nox
1467 901 1602 944 etiam
1624 916 1649 942 ι

244 967 381 1003 nocte
400 956 620 1000 noctium
682 958 810 999 Unde
831 957 1027 1013 Agellius
1061 957 1277 1001 Noctium
1308 935 1559 1002 'Atticarum
1581 957 1650 1000 in-

243 1011 440 1077 scripsit.
501 1013 683 1056 Caetera
706 1027 810 1054 vero
836 1014 986 1055 omnia
1008 1014 1252 1057 ablativum
1282 1015 1330 1058 in
1357 1031 1382 1058 e
1403 1017 1545 1056 solam
1565 1026 1648 1056 ter·

244 1068 493 1122 minantia,
531 1081 710 1112 mutant
743 1084 839 1111 eam
881 1069 929 1110 in
961 1087 1060 1120 um,
1112 1082 1155 1112 et
1186 1071 1360 1114 faciunt
1386 1069 1648 1136 genitivum

243 1127 481 1179 pluralem,
523 1141 546 1167 a
578 1138 784 1183 poemate
826 1140 1108 1181 poematum,
1158 1143 1180 1169 a
1209 1127 1429 1170 Cicerone
1471 1126 1649 1171 Cicero-

243 1196 380 1230 num,
425 1197 448 1223 a
469 1184 651 1224 consule
678 1184 943 1237 consulum,
976 1200 999 1225 a
1023 1184 1184 1225 Titane
1205 1185 1454 1234 Titanum,
1487 1199 1511 1225 a
1533 1186 1650 1226 duce

243 1240 437 1291 ducum,
467 1251 635 1296 apatre
666 1250 869 1304 patrum,
911 1255 935 1280 a
969 1241 1139 1283 virtute
1172 1240 1422 1291 virtutum,
1454 1255 1478 1284 a
1501 1238 1648 1305 capite

244 1294 470 1361 capitum,
517 1298 570 1337 ab
595 1295 701 1338 alite
732 1295 901 1340 alitum.
962 1301 1076 1340 Nam
1096 1297 1286 1339 alituum
1309 1313 1388 1354 per
1406 1295 1647 1354 interposi·

243 1351 420 1394 tionem
451 1353 599 1394 addita
632 1369 664 1394 u
692 1353 882 1409 protulit
903 1354 1115 1410 Virgilius
1151 1353 1199 1395 in
1223 1358 1326 1396 vm.
1349 1356 1550 1395 Alituum
1570 1369 1649 1408 po-

247 1410 479 1462 cudumque
497 1425 632 1463 genus*
650 1417 770 1463 sopor
791 1413 906 1450 altas·
926 1413 1119 1451 habebat
1179 1413 1213 1452 A
1239 1413 1352 1452 bove
1378 1425 1558 1477 quoque
1569 1412 1648 1452 bo-

241 1480 350 1506 vum
375 1466 504 1507 debet
525 1465 646 1507 fieri.
685 1466 760 1506 sed
790 1469 878 1506 hoc
905 1481 1072 1508 nomen
1094 1469 1343 1509 notandum
1366 1479 1451 1518 est,
1484 1468 1533 1509 in
1555 1480 1646 1524 quo

241 1537 276 1564 u
295 1532 617 1564 consonantem
639 1534 870 1563 assumunt
883 1523 1057 1579 obllqm
1078 1522 1346 1580 singulareS,
1378 1523 1527 1566 hiatus
1538 1534 1647 1565 cau-

242 1594 315 1626 sa,
348 1577 566 1630 abjiciunt
586 1581 787 1620 eamdem
814 1591 964 1620 autem
989 1591 1054 1620 est
1078 1582 1253 1635 quando
1284 1582 1493 1636 plurales.
1550 1578 1645 1622 Vir-

242 1633 413 1692 gilius
401 1650 450 1675 ln
475 1638 544 1677 111.
564 1634 807 1677 Aeneidos:
836 1639 938 1676 Huc
958 1639 1029 1676 aba·
1048 1638 1183 1677 delati
1203 1648 1351 1691 portus
1369 1642 1643 1684 intravimus,

242 1707 332 1733 eece
365 1695 482 1732 laeta
504 1694 626 1733 boam
649 1695 814 1746 passim
848 1697 1010 1746 campis
1037 1705 1231 1734 armenta
1260 1696 1459 1735 videmus.
1518 1695 1643 1736 Idem

241 1748 290 1789 in
311 1749 644 1792 V111,Reddtdic
663 1765 750 1788 una
770 1750 892 1789 boum
915 1766 1054 1790 vocem
1075 1761 1273 1804 vas-toque
1290 1753 1365 1791 sub
1387 1761 1524 1791 antro.
1555 1753 1643 1792 Da-

242 1804 365 1847 tivus
386 1803 522 1846 etiam
542 1816 587 1847 et
605 1803 826 1847 ablativus
847 1810 940 1858 ejus
961 1805 1163 1848 nominis
1182 1822 1262 1862 per
1277 1821 1520 1863 syncopam
1531 1817 1646 1849 sem-

239 1876 320 1918 per
348 1860 525 1904 mediae
561 1863 855 1918 proferuntur
883 1864 1096 1915 syllabae,
1138 1865 1280 1904 bobus
1316 1878 1397 1919 pro
1429 1861 1637 1905 bovibus.

240 1917 491 1959 Horatius
476 1933 527 1958 ιη
538 1919 717 1974 Epodo:
749 1920 914 1958 Beatus
935 1922 1024 1967 alle,
1049 1923 1182 1983 quipp·
1185 1923 1280 1959 ocul
1298 1923 1477 1976 negotiis·
1489 1930 1639 1983 pater-

241 1990 301 2014 na
323 1990 428 2015 rura
456 1975 584 2015 bobus
608 1984 767 2015 exercet
784 1978 882 2014 suis.
941 1974 1262 2017 Nominativus
1273 1989 1378 2017 vero
1390 1973 1576 2032 pluralis
1596 1986 1642 2018 et

288 2125 324 2172 5.
343 2129 400 2165 80.
425 2127 638 2162 Notandum
658 2137 754 2160 vero.
779 2125 902 2170 Vulgo
923 2127 1047 2162 etiam.
1075 2126 1175 2161 Illud
1189 2124 1369 2161 exhibent
1378 2125 1487 2161 MSS.
1500 2125 1637 2160 Dresd.
1677 2139 1683 2150 =

335 2172 415 2207 Erl.
438 2185 470 2207 2.
492 2169 595 2218 Lips.
616 2183 650 2217 5.
672 2178 711 2206 et
730 2171 880 2205 videtur
906 2172 1030 2217 aptius
1051 2184 1134 2208 esse
1154 2184 1267 2226 (suam
1287 2174 1409 2207 etiam.
1456 2173 1551 2206 Mox
1568 2183 1639 2217 pro

335 2219 486 2252 nomina
514 2219 624 2253 MSS.
643 2217 755 2252 Luth.
776 2217 914 2251 Dresd.
945 2218 1078 2253 Zwiec
1105 2231 1132 2253 1.
1157 2232 1188 2253 2.
1211 2219 1312 2264 Lips.
1336 2231 1366 2253 1.
1389 2230 1421 2253 2.
1445 2228 1482 2262 5.
1500 2218 1580 2253 Erl.
1607 2230 1637 2252 1.

336 2275 369 2298 2.
401 2264 514 2298 scribi
540 2265 733 2307 iusserunt
762 2264 886 2297 omnia
914 2275 1007 2309 quae
1039 2266 1078 2298 in
1107 2276 1146 2298 es
1173 2266 1357 2298 desinunt.
1407 2265 1500 2298 Post
1523 2273 1568 2297 ea
1595 2263 1636 2297 iu

334 2309 442 2344 libris
465 2309 627 2354 vulgatis
654 2310 837 2354 leguntur
863 2308 976 2343 haec:
1015 2322 1109 2356 quae
1128 2323 1171 2343 ex
1189 2322 1229 2343 se
1258 2322 1332 2344 non
1348 2310 1488 2343 habent
1504 2310 1639 2356 singu-

335 2354 446 2390 laria.
496 2357 593 2391 Cum
621 2366 714 2390 vero
735 2366 756 2388 e
773 2354 1003 2398 glossemate
1032 2362 1114 2389 orta
1135 2367 1178 2388 ea
1207 2367 1291 2389 esse
1313 2361 1454 2408 pateat,
1479 2360 1638 2407 tumque

334 2413 357 2436 a
376 2401 578 2436 Codicibus
600 2401 712 2435 Luth.
734 2400 867 2434 Zwicc.
894 2413 923 2435 1.
948 2401 1026 2435 Erl.
1051 2414 1082 2437 2.
1104 2401 1198 2435 Edd.
1213 2403 1303 2435 Ven.
1326 2400 1463 2442 absint,
1484 2399 1525 2434 in
1546 2401 1635 2435 reli-

332 2446 415 2493 quis
441 2459 531 2482 vero
561 2458 632 2492 per
651 2448 693 2481 id
709 2453 765 2479 est
793 2446 1103 2482 antecedentibus
1129 2449 1334 2499 jungantur
1362 2453 1401 2481 et
1418 2447 1459 2480 in
1477 2446 1581 2493 Lips.
1603 2459 1636 2482 2.

333 2493 560 2539 singularem
585 2493 757 2538 legatur,
784 2492 993 2526 omittenda
1022 2505 1105 2528 esse
1126 2492 1267 2527 censui.
1316 2494 1390 2526 Pro
1409 2493 1469 2527 hic
1482 2494 1638 2538 penatis

333 2550 431 2573 unus
467 2550 641 2574 meorum
670 2544 837 2584 penates.
885 2542 966 2573 Nox
991 2542 1115 2572 etiam.
1168 2540 1199 2573 Ε
1221 2540 1330 2573 MSS.
1360 2538 1482 2581 adjeci
1508 2539 1632 2572 etiam.

342 2585 447 2631 Virg.
467 2587 508 2620 in
533 2585 659 2620 VIII.
681 2596 730 2618 vs.
752 2596 806 2630 27.
857 2584 978 2629 Vulgo
1003 2588 1076 2619 IX.

290 2634 324 2678 3.
343 2637 399 2671 81.
427 2632 672 2684 Postobltquz
679 2630 974 2673 God1cum1ussu
987 2630 1109 2666 delevi
1121 2642 1240 2665 casus.
1279 2629 1384 2676 Virg.
1398 2630 1526 2665 inIII.
1537 2630 1632 2663 Aen.

335 2689 386 2712 vs.
408 2689 485 2713 220.
535 2679 638 2713 Idem
658 2678 698 2717 in
720 2676 844 2711 VIII.
877 2689 928 2711 vs.
951 2689 1027 2722 217.
1079 2678 1167 2711 Post
1189 2677 1352 2712 Βαίίνιις
1381 2673 1542 2720 expunxi
1561 2686 1634 2707 au·-

336 2730 409 2759 tem
435 2730 474 2760 et
503 2735 525 2759 e
545 2724 653 2759 MSS.
682 2722 862 2758 substitui
889 2724 1012 2757 etiam.
1061 2726 1192 2758 Horat.
1213 2723 1255 2756 in
1273 2723 1412 2769 Epudo.
1447 2722 1632 2757 11.vs.1.
